1461273480, 109.459, 109.477, 109.464, 64, 66, 45
1461273481, 109.472, 109.512, 109.492, 23, 32, 1
1461273482, 109.461, 109.472, 109.514, 82, 19, 9
1461273483, 109.443, 109.466, 109.529, 9, 41, 1
1461273484, 109.442, 109.469, 109.551, 14, 35, 30
1461273485, 109.432, 109.484, 109.552, 42, 29, 59
1461273486, 109.442, 109.467, 109.564, 40, 14, 24
1461273487, 109.435, 109.436, 109.557, 39, 45, 13
1461273488, 109.411, 109.425, 109.561, 14, 68, 35
1461273489, 109.395, 109.438, 109.549, 41, 13, 56
1461273490, 109.41, 109.463, 109.539, 48, 52, 43
1461273491, 109.392, 109.507, 109.562, 37, 13, 39
1461273492, 109.398, 109.488, 109.585, 28, 26, 40
1461273493, 109.401, 109.464, 109.585, 13, 3, 24
1461273494, 109.409, 109.453, 109.607, 50, 39, 46
1461273495, 109.362, 109.459, 109.625, 42, 1, 26
1461273496, 109.373, 109.457, 109.629, 44, 63, 33
1461273497, 109.391, 109.487, 109.626, 1, 21, 22
1461273498, 109.391, 109.477, 109.603, 3, 10, 50
1461273499, 109.393, 109.477, 109.591, 8, 86, 1
1461273500, 109.388, 109.496, 109.572, 22, 57, 22
1461273501, 109.377, 109.507, 109.565, 14, 22, 74
1461273502, 109.37, 109.515, 109.586, 6, 32, 85
1461273503, 109.354, 109.527, 109.626, 64, 23, 25
1461273504, 109.333, 109.509, 109.615, 5, 1, 13
1461273505, 109.342, 109.503, 109.635, 45, 16, 22
1461273506, 109.36, 109.504, 109.622, 53, 42, 29
1461273507, 109.34, 109.514, 109.622, 9, 33, 28
1461273508, 109.354, 109.519, 109.619, 47, 37, 55
1461273509, 109.34, 109.504, 109.628, 16, 32, 39
1461273510, 109.34, 109.526, 109.659, 27, 1, 12
1461273511, 109.366, 109.512, 109.653, 35, 44, 48
1461273512, 109.369, 109.492, 109.677, 37, 17, 11
1461273513, 109.36, 109.512, 109.679, 10, 55, 16
1461273514, 109.356, 109.514, 109.697, 21, 16, 39
1461273515, 109.342, 109.509, 109.706, 34, 30, 1
1461273516, 109.334, 109.485, 109.698, 17, 37, 37
1461273517, 109.353, 109.48, 109.677, 47, 50, 13
1461273518, 109.336, 109.48, 109.682, 60, 66, 1
1461273519, 109.359, 109.475, 109.681, 65, 41, 15
1461273520, 109.352, 109.503, 109.666, 18, 41, 9
1461273521, 109.334, 109.527, 109.67, 61, 48, 46
1461273522, 109.36, 109.529, 109.666, 7, 1, 22
1461273523, 109.34, 109.529, 109.684, 51, 39, 52
1461273524, 109.357, 109.534, 109.709, 67, 80, 2
1461273525, 109.376, 109.514, 109.693, 38, 50, 47
1461273526, 109.41, 109.494, 109.684, 9, 5, 76
1461273527, 109.403, 109.491, 109.676, 64, 32, 42
1461273528, 109.39, 109.521, 109.667, 27, 9, 23
1461273529, 109.421, 109.527, 109.671, 34, 7, 12
1461273530, 109.419, 109.518, 109.695, 27, 74, 39
1461273531, 109.411, 109.524, 109.726, 47, 3, 33
1461273532, 109.404, 109.527, 109.753, 1, 1, 66
1461273533, 109.414, 109.53, 109.778, 40, 7, 44
1461273534, 109.424, 109.527, 109.768, 61, 12, 44
1461273535, 109.407, 109.515, 109.748, 65, 24, 13
1461273536, 109.394, 109.51, 109.736, 45, 31, 92
1461273537, 109.37, 109.503, 109.729, 63, 51, 23
1461273538, 109.386, 109.473, 109.682, 1, 16, 70
1461273539, 109.352, 109.477, 109.697, 33, 13, 61
1461273540, 109.332, 109.499, 109.686, 27, 21, 39
1461273541, 109.33, 109.502, 109.69, 52, 1, 26
1461273542, 109.372, 109.485, 109.707, 21, 31, 6
1461273543, 109.354, 109.486, 109.676, 39, 35, 75
1461273544, 109.366, 109.498, 109.677, 23, 17, 64
1461273545, 109.376, 109.514, 109.691, 47, 41, 81
1461273546, 109.365, 109.505, 109.683, 29, 32, 27
1461273547, 109.343, 109.513, 109.692, 58, 66, 44
1461273548, 109.359, 109.497, 109.698, 12, 26, 59
1461273549, 109.372, 109.49, 109.712, 0, 27, 2
1461273550, 109.404, 109.497, 109.708, 50, 40, 18
1461273551, 109.395, 109.503, 109.703, 1, 45, 34
1461273552, 109.398, 109.482, 109.729, 13, 62, 32
1461273553, 109.411, 109.503, 109.711, 34, 24, 18
1461273554, 109.406, 109.488, 109.704, 22, 49, 25
1461273555, 109.411, 109.491, 109.702, 39, 46, 16
1461273556, 109.438, 109.5, 109.726, 34, 30, 49
1461273557, 109.444, 109.521, 109.71, 60, 20, 54
1461273558, 109.427, 109.518, 109.713, 35, 55, 21
1461273559, 109.421, 109.513, 109.72, 21, 38, 1
1461273560, 109.394, 109.498, 109.731, 52, 1, 37
1461273561, 109.368, 109.496, 109.718, 18, 48, 16
1461273562, 109.371, 109.473, 109.723, 20, 53, 34
1461273563, 109.381, 109.48, 109.725, 57, 80, 16
1461273564, 109.372, 109.512, 109.738, 26, 37, 26
1461273565, 109.36, 109.534, 109.751, 45, 50, 46
1461273566, 109.357, 109.492, 109.736, 3, 49, 30
1461273567, 109.351, 109.474, 109.75, 35, 52, 56
1461273568, 109.368, 109.484, 109.766, 30, 1, 53
1461273569, 109.401, 109.485, 109.769, 29, 60, 23
1461273570, 109.374, 109.5, 109.789, 14, 27, 28
1461273571, 109.36, 109.504, 109.746, 39, 37, 1
1461273572, 109.362, 109.496, 109.722, 16, 23, 52
1461273573, 109.345, 109.494, 109.714, 16, 26, 63
1461273574, 109.337, 109.48, 109.711, 55, 3, 25
1461273575, 109.357, 109.467, 109.741, 45, 22, 10
1461273576, 109.347, 109.451, 109.746, 36, 46, 52
1461273577, 109.34, 109.458, 109.692, 71, 33, 27
1461273578, 109.353, 109.417, 109.696, 52, 45, 25
1461273579, 109.354, 109.398, 109.708, 1, 7, 23
1461273580, 109.36, 109.416, 109.685, 59, 42, 4
1461273581, 109.347, 109.393, 109.695, 49, 57, 30
1461273582, 109.382, 109.395, 109.702, 59, 47, 47
1461273583, 109.381, 109.393, 109.689, 15, 30, 21
1461273584, 109.395, 109.391, 109.702, 32, 49, 43
1461273585, 109.402, 109.389, 109.71, 19, 45, 62
1461273586, 109.379, 109.375, 109.711, 34, 37, 47
1461273587, 109.366, 109.371, 109.739, 17, 15, 39
1461273588, 109.372, 109.36, 109.692, 82, 27, 61
1461273589, 109.379, 109.378, 109.683, 16, 18, 24
1461273590, 109.363, 109.384, 109.664, 7, 21, 5
1461273591, 109.372, 109.385, 109.64, 67, 27, 26
1461273592, 109.379, 109.375, 109.662, 27, 74, 38
1461273593, 109.371, 109.358, 109.666, 16, 44, 61
1461273594, 109.406, 109.368, 109.675, 63, 49, 56
1461273595, 109.382, 109.371, 109.682, 33, 47, 46
1461273596, 109.389, 109.38, 109.686, 43, 12, 65
1461273597, 109.407, 109.391, 109.685, 7, 62, 56
1461273598, 109.414, 109.349, 109.715, 62, 60, 42
1461273599, 109.446, 109.35, 109.733, 2, 67, 41
1461273600, 109.47, 109.303, 109.712, 29, 41, 61
1461273601, 109.47, 109.301, 109.731, 69, 58, 55
1461273602, 109.461, 109.277, 109.722, 31, 36, 60
1461273603, 109.451, 109.286, 109.728, 11, 1, 75
1461273604, 109.441, 109.295, 109.721, 39, 15, 60
1461273605, 109.443, 109.295, 109.726, 1, 39, 17
1461273606, 109.475, 109.296, 109.756, 1, 29, 35
1461273607, 109.465, 109.296, 109.746, 40, 6, 29
1461273608, 109.504, 109.306, 109.73, 13, 14, 52
1461273609, 109.478, 109.304, 109.722, 24, 14, 18
1461273610, 109.467, 109.3, 109.725, 53, 48, 36
1461273611, 109.487, 109.312, 109.713, 39, 22, 36
1461273612, 109.482, 109.316, 109.727, 54, 14, 41
1461273613, 109.497, 109.311, 109.717, 1, 59, 7
1461273614, 109.495, 109.341, 109.739, 20, 37, 9
1461273615, 109.515, 109.385, 109.73, 32, 36, 25
1461273616, 109.496, 109.372, 109.75, 50, 8, 8
1461273617, 109.52, 109.381, 109.778, 80, 27, 24
1461273618, 109.528, 109.396, 109.745, 26, 6, 86
1461273619, 109.522, 109.382, 109.761, 55, 45, 48
1461273620, 109.526, 109.378, 109.76, 35, 45, 30
1461273621, 109.519, 109.371, 109.766, 1, 35, 48
1461273622, 109.547, 109.374, 109.749, 20, 40, 14
1461273623, 109.527, 109.384, 109.764, 9, 34, 22
1461273624, 109.54, 109.392, 109.734, 42, 27, 48
1461273625, 109.553, 109.393, 109.742, 56, 17, 44
1461273626, 109.56, 109.401, 109.76, 37, 40, 34
1461273627, 109.576, 109.412, 109.731, 62, 45, 56
1461273628, 109.564, 109.424, 109.75, 39, 55, 17
1461273629, 109.564, 109.421, 109.739, 64, 42, 62
1461273630, 109.578, 109.419, 109.737, 21, 15, 34
1461273631, 109.589, 109.392, 109.751, 38, 23, 29
1461273632, 109.577, 109.362, 109.753, 15, 1, 12
1461273633, 109.554, 109.369, 109.747, 32, 64, 35
1461273634, 109.543, 109.4, 109.717, 42, 37, 0
1461273635, 109.566, 109.411, 109.699, 47, 37, 49
1461273636, 109.577, 109.434, 109.669, 0, 46, 36
1461273637, 109.577, 109.414, 109.671, 13, 42, 34
1461273638, 109.569, 109.397, 109.659, 38, 51, 35
1461273639, 109.554, 109.386, 109.645, 60, 6, 28
1461273640, 109.572, 109.405, 109.653, 41, 21, 66
1461273641, 109.538, 109.41, 109.634, 45, 53, 15
1461273642, 109.527, 109.411, 109.625, 24, 87, 63
1461273643, 109.513, 109.405, 109.638, 10, 30, 84
1461273644, 109.477, 109.419, 109.633, 27, 4, 4
1461273645, 109.48, 109.393, 109.636, 9, 71, 5
1461273646, 109.502, 109.397, 109.639, 71, 64, 37
1461273647, 109.509, 109.424, 109.676, 57, 53, 1
1461273648, 109.503, 109.407, 109.656, 46, 77, 7
1461273649, 109.482, 109.394, 109.661, 50, 72, 56
1461273650, 109.497, 109.395, 109.657, 26, 16, 24
1461273651, 109.467, 109.388, 109.641, 50, 23, 1
1461273652, 109.496, 109.375, 109.622, 24, 12, 36
1461273653, 109.502, 109.389, 109.602, 44, 32, 54
1461273654, 109.489, 109.393, 109.586, 23, 55, 15
1461273655, 109.478, 109.353, 109.604, 45, 45, 39
1461273656, 109.456, 109.358, 109.627, 39, 37, 1
1461273657, 109.466, 109.36, 109.611, 1, 17, 55
1461273658, 109.479, 109.384, 109.607, 49, 25, 3
1461273659, 109.486, 109.411, 109.592, 17, 31, 33
1461273660, 109.484, 109.407, 109.616, 50, 42, 41
1461273661, 109.468, 109.41, 109.605, 61, 11, 29
1461273662, 109.476, 109.403, 109.611, 46, 54, 59
1461273663, 109.476, 109.396, 109.602, 28, 11, 42
1461273664, 109.46, 109.395, 109.617, 47, 80, 46
1461273665, 109.44, 109.406, 109.629, 17, 17, 24
1461273666, 109.444, 109.396, 109.619, 35, 30, 18
1461273667, 109.428, 109.381, 109.638, 28, 86, 52
1461273668, 109.426, 109.362, 109.637, 17, 55, 23
1461273669, 109.425, 109.362, 109.635, 54, 30, 42
1461273670, 109.437, 109.369, 109.656, 21, 49, 20
1461273671, 109.423, 109.357, 109.655, 46, 33, 48
1461273672, 109.423, 109.334, 109.698, 24, 63, 45
1461273673, 109.397, 109.348, 109.678, 5, 22, 54
1461273674, 109.39, 109.376, 109.697, 45, 8, 11
1461273675, 109.389, 109.401, 109.706, 1, 35, 58
1461273676, 109.385, 109.431, 109.741, 60, 49, 76
1461273677, 109.387, 109.471, 109.701, 46, 24, 36
1461273678, 109.363, 109.49, 109.684, 16, 44, 68
1461273679, 109.37, 109.487, 109.676, 36, 33, 28
1461273680, 109.337, 109.49, 109.681, 1, 52, 15
1461273681, 109.317, 109.453, 109.689, 44, 64, 65
1461273682, 109.325, 109.457, 109.663, 9, 19, 48
1461273683, 109.35, 109.433, 109.656, 23, 40, 11
1461273684, 109.341, 109.441, 109.631, 57, 31, 55
1461273685, 109.328, 109.462, 109.64, 21, 51, 37
1461273686, 109.342, 109.474, 109.655, 50, 91, 1
1461273687, 109.322, 109.455, 109.624, 1, 30, 27
1461273688, 109.325, 109.468, 109.627, 118, 19, 1
1461273689, 109.353, 109.43, 109.63, 56, 83, 39
1461273690, 109.349, 109.447, 109.633, 21, 29, 28
1461273691, 109.332, 109.433, 109.589, 23, 34, 42
1461273692, 109.307, 109.454, 109.588, 56, 50, 41
1461273693, 109.3, 109.46, 109.601, 27, 26, 31
1461273694, 109.318, 109.443, 109.589, 14, 68, 25
1461273695, 109.314, 109.474, 109.585, 21, 40, 36
1461273696, 109.332, 109.474, 109.58, 24, 33, 61
1461273697, 109.331, 109.499, 109.582, 64, 10, 48
1461273698, 109.356, 109.506, 109.561, 30, 41, 62
1461273699, 109.362, 109.505, 109.571, 26, 47, 1
1461273700, 109.369, 109.545, 109.565, 54, 68, 35
1461273701, 109.38, 109.538, 109.552, 34, 1, 59
1461273702, 109.372, 109.524, 109.525, 12, 30, 59
1461273703, 109.398, 109.535, 109.525, 17, 42, 35
1461273704, 109.388, 109.532, 109.539, 18, 57, 39
1461273705, 109.392, 109.532, 109.55, 24, 14, 25
1461273706, 109.407, 109.521, 109.553, 62, 59, 15
1461273707, 109.406, 109.507, 109.549, 28, 64, 22
1461273708, 109.426, 109.527, 109.538, 77, 24, 81
1461273709, 109.415, 109.505, 109.549, 11, 53, 26
1461273710, 109.384, 109.516, 109.519, 13, 14, 33
1461273711, 109.412, 109.483, 109.521, 60, 50, 53
1461273712, 109.389, 109.456, 109.511, 26, 62, 54
1461273713, 109.374, 109.461, 109.51, 46, 35, 33
1461273714, 109.37, 109.468, 109.518, 46, 35, 20
1461273715, 109.388, 109.474, 109.518, 34, 38, 55
1461273716, 109.405, 109.521, 109.537, 41, 24, 51
1461273717, 109.382, 109.528, 109.549, 36, 30, 35
1461273718, 109.384, 109.538, 109.516, 0, 11, 23
1461273719, 109.373, 109.536, 109.512, 52, 38, 63
1461273720, 109.397, 109.513, 109.513, 17, 31, 45
1461273721, 109.401, 109.52, 109.463, 37, 28, 48
1461273722, 109.426, 109.536, 109.439, 50, 54, 41
1461273723, 109.432, 109.525, 109.445, 36, 69, 42
1461273724, 109.44, 109.539, 109.464, 47, 63, 38
1461273725, 109.454, 109.522, 109.462, 41, 52, 42
1461273726, 109.463, 109.503, 109.476, 22, 32, 7
1461273727, 109.438, 109.456, 109.466, 24, 44, 1
1461273728, 109.415, 109.5, 109.482, 49, 23, 24
1461273729, 109.466, 109.532, 109.483, 39, 7, 39
1461273730, 109.462, 109.537, 109.498, 46, 35, 41
1461273731, 109.443, 109.526, 109.483, 18, 38, 41
1461273732, 109.456, 109.516, 109.479, 78, 55, 58
1461273733, 109.477, 109.515, 109.483, 52, 28, 13
1461273734, 109.475, 109.524, 109.503, 56, 85, 35
1461273735, 109.461, 109.545, 109.513, 15, 49, 50
1461273736, 109.45, 109.554, 109.543, 47, 45, 59
1461273737, 109.434, 109.539, 109.553, 49, 19, 56
1461273738, 109.386, 109.544, 109.537, 7, 89, 51
1461273739, 109.414, 109.503, 109.531, 50, 40, 28
1461273740, 109.406, 109.48, 109.532, 31, 51, 42
1461273741, 109.411, 109.476, 109.529, 26, 22, 39
1461273742, 109.419, 109.467, 109.498, 76, 58, 84
1461273743, 109.404, 109.474, 109.5, 4, 11, 38
1461273744, 109.403, 109.473, 109.489, 39, 55, 13
1461273745, 109.384, 109.474, 109.471, 55, 31, 47
1461273746, 109.414, 109.446, 109.476, 10, 29, 17
1461273747, 109.417, 109.432, 109.455, 57, 28, 51
1461273748, 109.404, 109.413, 109.447, 22, 64, 6
1461273749, 109.392, 109.392, 109.435, 33, 54, 47
1461273750, 109.422, 109.39, 109.439, 40, 1, 13
1461273751, 109.466, 109.376, 109.42, 27, 34, 22
1461273752, 109.473, 109.374, 109.414, 33, 36, 1
1461273753, 109.487, 109.374, 109.411, 17, 34, 41
1461273754, 109.474, 109.394, 109.387, 1, 44, 34
1461273755, 109.501, 109.404, 109.391, 35, 63, 36
1461273756, 109.507, 109.428, 109.383, 12, 1, 67
1461273757, 109.523, 109.45, 109.399, 43, 12, 36
1461273758, 109.489, 109.444, 109.371, 26, 21, 30
1461273759, 109.543, 109.451, 109.402, 83, 38, 25
1461273760, 109.536, 109.45, 109.432, 81, 4, 42
1461273761, 109.515, 109.457, 109.419, 36, 1, 34
1461273762, 109.498, 109.442, 109.407, 51, 32, 26
1461273763, 109.499, 109.454, 109.441, 35, 1, 41
1461273764, 109.483, 109.445, 109.422, 27, 64, 12
1461273765, 109.484, 109.436, 109.426, 56, 52, 39
1461273766, 109.487, 109.434, 109.434, 1, 18, 35
1461273767, 109.483, 109.412, 109.422, 53, 51, 16
1461273768, 109.48, 109.39, 109.419, 46, 33, 27
1461273769, 109.471, 109.38, 109.429, 39, 22, 58
1461273770, 109.473, 109.392, 109.424, 3, 36, 38
1461273771, 109.475, 109.402, 109.43, 10, 31, 37
1461273772, 109.465, 109.399, 109.42, 41, 7, 1
1461273773, 109.473, 109.402, 109.417, 19, 27, 39
1461273774, 109.462, 109.379, 109.379, 43, 52, 41
1461273775, 109.48, 109.377, 109.397, 56, 15, 43
1461273776, 109.488, 109.377, 109.408, 17, 36, 26
1461273777, 109.471, 109.363, 109.412, 76, 81, 1
1461273778, 109.477, 109.355, 109.415, 58, 13, 29
1461273779, 109.461, 109.314, 109.422, 68, 25, 24
1461273780, 109.475, 109.312, 109.442, 19, 26, 24
1461273781, 109.459, 109.31, 109.427, 29, 68, 54
1461273782, 109.436, 109.291, 109.429, 63, 42, 1
1461273783, 109.429, 109.293, 109.458, 20, 21, 56
1461273784, 109.426, 109.277, 109.448, 57, 39, 17
1461273785, 109.428, 109.24, 109.438, 29, 34, 63
1461273786, 109.456, 109.236, 109.428, 6, 42, 16
1461273787, 109.472, 109.219, 109.435, 24, 37, 39
1461273788, 109.48, 109.233, 109.416, 14, 19, 43
1461273789, 109.476, 109.23, 109.375, 68, 39, 24
1461273790, 109.496, 109.249, 109.401, 31, 34, 21
1461273791, 109.503, 109.276, 109.384, 57, 1, 32
1461273792, 109.511, 109.266, 109.399, 33, 66, 24
1461273793, 109.543, 109.294, 109.377, 44, 93, 31
1461273794, 109.55, 109.291, 109.386, 48, 16, 31
1461273795, 109.533, 109.297, 109.394, 26, 15, 21
1461273796, 109.53, 109.316, 109.417, 46, 31, 16
1461273797, 109.541, 109.31, 109.391, 60, 25, 47
1461273798, 109.549, 109.283, 109.374, 1, 24, 16
1461273799, 109.576, 109.284, 109.344, 99, 38, 79
1461273800, 109.562, 109.309, 109.324, 60, 20, 16
1461273801, 109.59, 109.278, 109.298, 55, 39, 54
1461273802, 109.601, 109.286, 109.303, 6, 23, 31
1461273803, 109.594, 109.266, 109.283, 25, 51, 38
1461273804, 109.582, 109.296, 109.304, 27, 1, 12
1461273805, 109.562, 109.307, 109.288, 37, 36, 1
1461273806, 109.578, 109.305, 109.311, 75, 42, 23
1461273807, 109.585, 109.293, 109.32, 23, 13, 58
1461273808, 109.56, 109.307, 109.308, 46, 62, 24
1461273809, 109.574, 109.3, 109.304, 1, 47, 54
1461273810, 109.557, 109.335, 109.312, 51, 29, 1
1461273811, 109.556, 109.345, 109.329, 26, 5, 47
1461273812, 109.556, 109.342, 109.319, 31, 33, 9
1461273813, 109.547, 109.362, 109.339, 61, 38, 51
1461273814, 109.535, 109.353, 109.356, 39, 81, 59
1461273815, 109.529, 109.348, 109.378, 6, 37, 54
1461273816, 109.546, 109.343, 109.386, 25, 13, 45
1461273817, 109.549, 109.347, 109.377, 80, 50, 37
1461273818, 109.541, 109.358, 109.402, 29, 83, 4
1461273819, 109.557, 109.366, 109.386, 51, 62, 36
1461273820, 109.552, 109.366, 109.384, 1, 66, 25
1461273821, 109.569, 109.351, 109.396, 1, 19, 47
1461273822, 109.601, 109.36, 109.364, 26, 11, 38
1461273823, 109.622, 109.328, 109.381, 37, 57, 53
1461273824, 109.652, 109.296, 109.397, 51, 49, 47
1461273825, 109.615, 109.295, 109.398, 34, 1, 14
1461273826, 109.595, 109.293, 109.4, 48, 29, 34
1461273827, 109.603, 109.295, 109.402, 24, 38, 9
1461273828, 109.605, 109.312, 109.429, 39, 38, 26
1461273829, 109.62, 109.323, 109.423, 25, 21, 8
1461273830, 109.599, 109.323, 109.403, 31, 32, 30
1461273831, 109.63, 109.313, 109.386, 13, 8, 72
1461273832, 109.646, 109.302, 109.379, 44, 67, 1
1461273833, 109.625, 109.355, 109.358, 5, 33, 1
1461273834, 109.629, 109.385, 109.358, 16, 1, 40
1461273835, 109.65, 109.375, 109.349, 21, 48, 50
1461273836, 109.645, 109.358, 109.325, 28, 11, 36
1461273837, 109.668, 109.375, 109.307, 72, 38, 97
1461273838, 109.68, 109.393, 109.314, 28, 1, 43
1461273839, 109.715, 109.394, 109.32, 54, 43, 57
1461273840, 109.735, 109.419, 109.305, 23, 34, 28
1461273841, 109.729, 109.433, 109.299, 60, 74, 72
1461273842, 109.729, 109.456, 109.28, 22, 14, 62
1461273843, 109.727, 109.475, 109.268, 22, 37, 48
1461273844, 109.737, 109.478, 109.23, 30, 34, 69
1461273845, 109.72, 109.505, 109.216, 29, 27, 23
1461273846, 109.753, 109.494, 109.208, 2, 44, 63
1461273847, 109.794, 109.501, 109.218, 23, 19, 11
1461273848, 109.789, 109.501, 109.199, 58, 56, 43
1461273849, 109.78, 109.497, 109.19, 56, 56, 69
1461273850, 109.76, 109.494, 109.176, 33, 31, 6
1461273851, 109.752, 109.471, 109.186, 59, 1, 46
1461273852, 109.729, 109.447, 109.204, 64, 45, 1
1461273853, 109.713, 109.452, 109.197, 35, 1, 65
1461273854, 109.716, 109.444, 109.211, 44, 21, 47
1461273855, 109.729, 109.452, 109.221, 41, 32, 50
1461273856, 109.723, 109.455, 109.218, 36, 26, 37
1461273857, 109.754, 109.459, 109.24, 35, 22, 1
1461273858, 109.768, 109.437, 109.199, 28, 4, 38
1461273859, 109.791, 109.446, 109.21, 31, 33, 15
1461273860, 109.799, 109.469, 109.201, 54, 23, 0
1461273861, 109.79, 109.457, 109.192, 50, 78, 62
1461273862, 109.78, 109.461, 109.194, 11, 24, 54
1461273863, 109.82, 109.481, 109.2, 7, 81, 17
1461273864, 109.819, 109.461, 109.19, 44, 43, 51
1461273865, 109.817, 109.488, 109.19, 39, 93, 37
1461273866, 109.813, 109.492, 109.169, 27, 45, 5
1461273867, 109.826, 109.493, 109.165, 45, 8, 11
1461273868, 109.817, 109.52, 109.137, 41, 21, 45
1461273869, 109.827, 109.518, 109.146, 31, 49, 24
1461273870, 109.858, 109.504, 109.149, 38, 65, 46
1461273871, 109.86, 109.524, 109.15, 64, 47, 8
1461273872, 109.841, 109.512, 109.155, 39, 4, 38
1461273873, 109.828, 109.518, 109.17, 22, 20, 47
1461273874, 109.792, 109.502, 109.157, 8, 10, 32
1461273875, 109.776, 109.496, 109.135, 44, 28, 1
1461273876, 109.782, 109.507, 109.14, 46, 64, 21
1461273877, 109.79, 109.508, 109.177, 23, 49, 72
1461273878, 109.794, 109.493, 109.17, 57, 10, 37
1461273879, 109.814, 109.487, 109.2, 39, 41, 3
1461273880, 109.835, 109.486, 109.223, 39, 8, 49
1461273881, 109.817, 109.461, 109.196, 13, 1, 28
1461273882, 109.84, 109.466, 109.23, 8, 63, 20
1461273883, 109.847, 109.458, 109.222, 14, 73, 28
1461273884, 109.821, 109.481, 109.229, 38, 54, 46
1461273885, 109.821, 109.454, 109.217, 33, 48, 32
1461273886, 109.805, 109.429, 109.232, 34, 1, 5
1461273887, 109.797, 109.428, 109.212, 43, 68, 39
1461273888, 109.807, 109.412, 109.224, 47, 31, 4
1461273889, 109.786, 109.41, 109.198, 39, 24, 2
1461273890, 109.792, 109.396, 109.211, 1, 25, 42
1461273891, 109.783, 109.402, 109.227, 35, 25, 62
1461273892, 109.8, 109.409, 109.215, 106, 43, 47
1461273893, 109.799, 109.411, 109.212, 9, 21, 63
1461273894, 109.823, 109.424, 109.228, 14, 61, 25
1461273895, 109.804, 109.427, 109.242, 45, 19, 54
1461273896, 109.8, 109.44, 109.265, 48, 38, 30
1461273897, 109.802, 109.407, 109.259, 37, 59, 57
1461273898, 109.823, 109.385, 109.256, 43, 53, 30
1461273899, 109.776, 109.381, 109.255, 29, 51, 1
1461273900, 109.803, 109.38, 109.261, 37, 37, 115
1461273901, 109.809, 109.408, 109.255, 12, 35, 57
1461273902, 109.813, 109.385, 109.286, 46, 78, 7
1461273903, 109.807, 109.39, 109.268, 1, 48, 32
1461273904, 109.838, 109.349, 109.236, 1, 8, 61
1461273905, 109.847, 109.334, 109.246, 35, 0, 39
1461273906, 109.837, 109.312, 109.265, 46, 24, 23
1461273907, 109.818, 109.324, 109.258, 26, 21, 38
1461273908, 109.83, 109.336, 109.259, 42, 54, 44
1461273909, 109.828, 109.339, 109.27, 29, 57, 13
1461273910, 109.813, 109.342, 109.241, 15, 32, 61
1461273911, 109.796, 109.333, 109.263, 19, 9, 43
1461273912, 109.809, 109.345, 109.249, 17, 35, 92
1461273913, 109.795, 109.314, 109.241, 18, 40, 21
1461273914, 109.809, 109.355, 109.225, 39, 8, 1
1461273915, 109.815, 109.364, 109.193, 21, 66, 1
1461273916, 109.82, 109.362, 109.202, 84, 1, 20
1461273917, 109.809, 109.366, 109.229, 55, 20, 29
1461273918, 109.789, 109.398, 109.272, 19, 27, 71
1461273919, 109.791, 109.418, 109.27, 50, 43, 13
1461273920, 109.782, 109.393, 109.293, 37, 41, 1
1461273921, 109.79, 109.385, 109.294, 13, 9, 57
1461273922, 109.775, 109.385, 109.296, 3, 1, 20
1461273923, 109.781, 109.401, 109.306, 58, 16, 26
1461273924, 109.778, 109.393, 109.302, 55, 38, 50
1461273925, 109.799, 109.449, 109.281, 57, 30, 1
1461273926, 109.797, 109.462, 109.28, 65, 61, 44
1461273927, 109.778, 109.48, 109.299, 1, 20, 15
1461273928, 109.765, 109.467, 109.306, 70, 43, 1
1461273929, 109.778, 109.472, 109.299, 15, 0, 55
1461273930, 109.77, 109.456, 109.314, 36, 49, 22
1461273931, 109.787, 109.433, 109.321, 38, 4, 34
1461273932, 109.799, 109.43, 109.331, 56, 50, 16
1461273933, 109.819, 109.43, 109.344, 28, 61, 36
1461273934, 109.802, 109.422, 109.334, 64, 78, 54
1461273935, 109.786, 109.477, 109.331, 59, 35, 15
1461273936, 109.8, 109.492, 109.345, 32, 5, 39
1461273937, 109.788, 109.479, 109.363, 18, 20, 45
1461273938, 109.774, 109.5, 109.383, 26, 1, 59
1461273939, 109.747, 109.506, 109.405, 13, 31, 31
1461273940, 109.747, 109.5, 109.4, 51, 29, 59
1461273941, 109.764, 109.487, 109.388, 1, 29, 3
1461273942, 109.794, 109.479, 109.383, 60, 39, 54
1461273943, 109.79, 109.5, 109.363, 53, 46, 49
1461273944, 109.802, 109.529, 109.37, 53, 38, 33
1461273945, 109.788, 109.514, 109.351, 63, 57, 48
1461273946, 109.764, 109.513, 109.352, 8, 10, 25
1461273947, 109.786, 109.512, 109.357, 57, 20, 37
1461273948, 109.784, 109.52, 109.351, 59, 34, 58
1461273949, 109.795, 109.51, 109.338, 27, 56, 45
1461273950, 109.822, 109.508, 109.329, 46, 32, 7
1461273951, 109.835, 109.505, 109.332, 49, 27, 10
1461273952, 109.847, 109.508, 109.369, 24, 42, 1
1461273953, 109.852, 109.518, 109.389, 1, 44, 44
1461273954, 109.853, 109.533, 109.404, 60, 50, 37
1461273955, 109.834, 109.526, 109.404, 32, 35, 24
1461273956, 109.854, 109.498, 109.403, 37, 40, 9
1461273957, 109.853, 109.518, 109.383, 42, 28, 58
1461273958, 109.855, 109.527, 109.401, 71, 43, 10
1461273959, 109.87, 109.499, 109.382, 13, 28, 58
1461273960, 109.884, 109.529, 109.378, 41, 58, 5
1461273961, 109.878, 109.54, 109.392, 58, 37, 11
1461273962, 109.866, 109.525, 109.383, 42, 25, 18
1461273963, 109.855, 109.526, 109.385, 46, 39, 15
1461273964, 109.857, 109.522, 109.411, 70, 21, 45
1461273965, 109.826, 109.531, 109.406, 35, 38, 58
1461273966, 109.836, 109.558, 109.436, 47, 53, 16
1461273967, 109.819, 109.575, 109.433, 84, 57, 17
1461273968, 109.829, 109.555, 109.443, 0, 36, 7
1461273969, 109.826, 109.552, 109.446, 35, 10, 1
1461273970, 109.814, 109.548, 109.467, 32, 52, 42
1461273971, 109.801, 109.537, 109.486, 53, 31, 49
1461273972, 109.767, 109.535, 109.508, 19, 58, 34
1461273973, 109.746, 109.53, 109.514, 22, 93, 31
1461273974, 109.769, 109.557, 109.511, 27, 39, 64
1461273975, 109.767, 109.553, 109.52, 38, 57, 24
1461273976, 109.732, 109.553, 109.5, 40, 17, 34
1461273977, 109.755, 109.562, 109.524, 61, 44, 96
1461273978, 109.746, 109.555, 109.52, 26, 28, 42
1461273979, 109.738, 109.535, 109.506, 70, 31, 50
1461273980, 109.721, 109.519, 109.534, 47, 12, 28
1461273981, 109.701, 109.5, 109.514, 66, 16, 25
1461273982, 109.698, 109.507, 109.509, 68, 50, 29
1461273983, 109.697, 109.506, 109.518, 1, 35, 38
1461273984, 109.67, 109.49, 109.543, 6, 70, 26
1461273985, 109.678, 109.491, 109.541, 42, 13, 44
1461273986, 109.661, 109.508, 109.532, 78, 36, 32
1461273987, 109.683, 109.51, 109.539, 42, 77, 69
1461273988, 109.645, 109.52, 109.548, 58, 50, 12
1461273989, 109.629, 109.503, 109.557, 47, 37, 1
1461273990, 109.611, 109.533, 109.588, 61, 14, 51
1461273991, 109.617, 109.533, 109.589, 20, 3, 17
1461273992, 109.61, 109.542, 109.565, 2, 69, 28
1461273993, 109.616, 109.544, 109.575, 32, 31, 31
1461273994, 109.63, 109.525, 109.581, 1, 86, 43
1461273995, 109.64, 109.535, 109.613, 1, 54, 1
1461273996, 109.601, 109.533, 109.608, 40, 46, 20
1461273997, 109.57, 109.537, 109.597, 20, 84, 66
1461273998, 109.578, 109.555, 109.569, 34, 30, 74
1461273999, 109.57, 109.564, 109.557, 39, 40, 40
1461274000, 109.566, 109.58, 109.589, 37, 48, 33
1461274001, 109.568, 109.586, 109.594, 33, 37, 23
1461274002, 109.594, 109.574, 109.559, 13, 60, 37
1461274003, 109.608, 109.572, 109.586, 48, 77, 20
1461274004, 109.6, 109.588, 109.558, 20, 40, 1
1461274005, 109.558, 109.602, 109.544, 53, 35, 47
1461274006, 109.524, 109.628, 109.508, 58, 21, 66
1461274007, 109.488, 109.64, 109.493, 32, 42, 23
1461274008, 109.505, 109.633, 109.483, 40, 42, 1
1461274009, 109.491, 109.63, 109.516, 18, 13, 22
1461274010, 109.506, 109.634, 109.513, 5, 35, 52
1461274011, 109.518, 109.612, 109.525, 27, 56, 30
1461274012, 109.513, 109.589, 109.546, 34, 42, 43
1461274013, 109.516, 109.606, 109.556, 23, 48, 93
1461274014, 109.499, 109.61, 109.564, 23, 34, 13
1461274015, 109.471, 109.619, 109.578, 36, 41, 8
1461274016, 109.459, 109.61, 109.577, 38, 1, 16
1461274017, 109.432, 109.615, 109.575, 37, 26, 23
1461274018, 109.412, 109.619, 109.581, 35, 19, 44
1461274019, 109.402, 109.615, 109.595, 21, 63, 90
1461274020, 109.398, 109.602, 109.598, 40, 16, 37
1461274021, 109.417, 109.61, 109.574, 56, 30, 37
1461274022, 109.427, 109.629, 109.566, 52, 46, 24
1461274023, 109.442, 109.615, 109.529, 30, 57, 18
1461274024, 109.452, 109.606, 109.509, 26, 22, 9
1461274025, 109.465, 109.629, 109.502, 38, 33, 55
1461274026, 109.465, 109.627, 109.506, 41, 11, 34
1461274027, 109.462, 109.62, 109.512, 42, 8, 2
1461274028, 109.487, 109.634, 109.524, 70, 50, 8
1461274029, 109.492, 109.631, 109.539, 45, 5, 1
1461274030, 109.466, 109.625, 109.528, 63, 80, 30
1461274031, 109.475, 109.663, 109.511, 26, 19, 33
1461274032, 109.456, 109.686, 109.487, 45, 59, 7
1461274033, 109.445, 109.661, 109.499, 55, 64, 77
1461274034, 109.488, 109.669, 109.517, 62, 31, 45
1461274035, 109.493, 109.627, 109.501, 58, 19, 5
1461274036, 109.502, 109.616, 109.482, 60, 38, 49
1461274037, 109.498, 109.618, 109.483, 27, 16, 25
1461274038, 109.476, 109.59, 109.445, 64, 18, 1
1461274039, 109.462, 109.596, 109.454, 22, 24, 64
1461274040, 109.443, 109.618, 109.458, 38, 43, 48
1461274041, 109.456, 109.628, 109.459, 11, 8, 59
1461274042, 109.444, 109.61, 109.445, 35, 12, 61
1461274043, 109.419, 109.615, 109.457, 60, 48, 54
1461274044, 109.429, 109.601, 109.438, 38, 24, 55
1461274045, 109.45, 109.594, 109.454, 6, 61, 25
1461274046, 109.478, 109.587, 109.45, 28, 29, 33
1461274047, 109.468, 109.579, 109.459, 65, 1, 52
1461274048, 109.467, 109.611, 109.45, 11, 19, 1
1461274049, 109.476, 109.622, 109.447, 38, 39, 36
1461274050, 109.46, 109.643, 109.418, 26, 18, 44
1461274051, 109.458, 109.624, 109.389, 23, 24, 7
1461274052, 109.461, 109.636, 109.39, 8, 5, 68
1461274053, 109.452, 109.653, 109.38, 61, 51, 17
1461274054, 109.441, 109.651, 109.355, 43, 46, 5
1461274055, 109.429, 109.632, 109.37, 63, 26, 64
1461274056, 109.414, 109.657, 109.372, 43, 59, 64
1461274057, 109.409, 109.684, 109.407, 12, 38, 15
1461274058, 109.42, 109.669, 109.397, 1, 34, 28
1461274059, 109.407, 109.67, 109.412, 56, 78, 3
1461274060, 109.402, 109.697, 109.387, 1, 64, 3
1461274061, 109.374, 109.71, 109.396, 19, 34, 21
1461274062, 109.348, 109.7, 109.393, 43, 54, 34
1461274063, 109.372, 109.726, 109.4, 44, 36, 41
1461274064, 109.358, 109.752, 109.396, 44, 48, 44
1461274065, 109.356, 109.751, 109.394, 34, 22, 31
1461274066, 109.359, 109.751, 109.394, 18, 54, 39
1461274067, 109.335, 109.708, 109.398, 46, 42, 45
1461274068, 109.339, 109.701, 109.395, 23, 29, 14
1461274069, 109.361, 109.741, 109.399, 1, 61, 75
1461274070, 109.367, 109.766, 109.394, 40, 42, 55
1461274071, 109.369, 109.74, 109.396, 48, 22, 44
1461274072, 109.381, 109.725, 109.393, 46, 23, 12
1461274073, 109.352, 109.734, 109.381, 50, 39, 29
1461274074, 109.33, 109.759, 109.376, 15, 6, 20
1461274075, 109.313, 109.775, 109.374, 82, 60, 16
1461274076, 109.311, 109.794, 109.339, 22, 12, 53
1461274077, 109.298, 109.784, 109.33, 50, 49, 25
1461274078, 109.307, 109.747, 109.343, 29, 97, 1
1461274079, 109.304, 109.721, 109.37, 37, 41, 55
1461274080, 109.281, 109.706, 109.382, 27, 75, 43
1461274081, 109.289, 109.712, 109.379, 30, 18, 32
1461274082, 109.288, 109.712, 109.369, 50, 35, 30
1461274083, 109.316, 109.696, 109.365, 28, 65, 20
1461274084, 109.348, 109.713, 109.366, 68, 1, 29
1461274085, 109.33, 109.72, 109.391, 24, 43, 33
1461274086, 109.324, 109.709, 109.378, 77, 72, 1
1461274087, 109.335, 109.664, 109.389, 11, 11, 45
1461274088, 109.329, 109.66, 109.407, 45, 78, 32
1461274089, 109.312, 109.661, 109.415, 12, 41, 8
1461274090, 109.323, 109.662, 109.427, 12, 47, 26
1461274091, 109.331, 109.671, 109.433, 42, 18, 47
1461274092, 109.353, 109.664, 109.419, 36, 41, 24
1461274093, 109.364, 109.669, 109.427, 35, 26, 5
1461274094, 109.356, 109.653, 109.424, 1, 26, 50
1461274095, 109.35, 109.627, 109.424, 14, 55, 22
1461274096, 109.398, 109.625, 109.429, 15, 53, 35
1461274097, 109.404, 109.628, 109.452, 33, 30, 23
1461274098, 109.404, 109.626, 109.451, 32, 36, 37
1461274099, 109.398, 109.624, 109.456, 3, 28, 56
1461274100, 109.402, 109.628, 109.452, 21, 43, 29
1461274101, 109.361, 109.603, 109.445, 47, 2, 18
1461274102, 109.359, 109.629, 109.472, 54, 11, 1
1461274103, 109.34, 109.649, 109.502, 37, 62, 41
1461274104, 109.324, 109.676, 109.477, 43, 1, 20
1461274105, 109.337, 109.669, 109.459, 27, 61, 2
1461274106, 109.316, 109.668, 109.436, 12, 58, 87
1461274107, 109.332, 109.686, 109.421, 18, 67, 24
1461274108, 109.334, 109.672, 109.414, 30, 13, 43
1461274109, 109.358, 109.673, 109.421, 28, 72, 29
1461274110, 109.36, 109.674, 109.434, 1, 8, 70
1461274111, 109.378, 109.648, 109.408, 33, 11, 23
1461274112, 109.38, 109.679, 109.375, 47, 17, 66
1461274113, 109.371, 109.66, 109.387, 29, 23, 56
1461274114, 109.363, 109.657, 109.383, 15, 21, 32
1461274115, 109.34, 109.66, 109.389, 8, 32, 11
1461274116, 109.319, 109.665, 109.378, 34, 31, 79
1461274117, 109.29, 109.67, 109.372, 26, 44, 8
1461274118, 109.274, 109.64, 109.375, 29, 37, 39
1461274119, 109.303, 109.618, 109.405, 51, 28, 43
1461274120, 109.311, 109.584, 109.399, 16, 21, 40
1461274121, 109.328, 109.578, 109.37, 21, 14, 34
1461274122, 109.34, 109.584, 109.338, 71, 52, 72
1461274123, 109.343, 109.572, 109.323, 61, 25, 44
1461274124, 109.343, 109.583, 109.313, 38, 48, 24
1461274125, 109.332, 109.594, 109.327, 6, 59, 24
1461274126, 109.347, 109.605, 109.337, 16, 1, 51
1461274127, 109.33, 109.6, 109.349, 59, 21, 35
1461274128, 109.332, 109.615, 109.34, 1, 43, 38
1461274129, 109.29, 109.631, 109.366, 26, 35, 5
1461274130, 109.256, 109.634, 109.376, 36, 67, 14
1461274131, 109.262, 109.66, 109.36, 19, 55, 79
1461274132, 109.256, 109.665, 109.333, 69, 63, 27
1461274133, 109.265, 109.694, 109.327, 39, 24, 57
1461274134, 109.259, 109.703, 109.324, 30, 29, 12
1461274135, 109.273, 109.675, 109.318, 19, 46, 17
1461274136, 109.288, 109.672, 109.329, 28, 26, 37
1461274137, 109.276, 109.673, 109.332, 23, 64, 44
1461274138, 109.312, 109.672, 109.317, 10, 56, 28
1461274139, 109.329, 109.693, 109.297, 32, 6, 81
1461274140, 109.3, 109.67, 109.278, 18, 18, 14
1461274141, 109.314, 109.699, 109.251, 49, 27, 65
1461274142, 109.335, 109.712, 109.25, 50, 67, 4
1461274143, 109.321, 109.696, 109.211, 33, 65, 1
1461274144, 109.315, 109.707, 109.229, 21, 38, 28
1461274145, 109.312, 109.711, 109.223, 31, 5, 36
1461274146, 109.282, 109.699, 109.201, 0, 27, 17
1461274147, 109.283, 109.687, 109.199, 27, 29, 68
1461274148, 109.3, 109.686, 109.166, 48, 39, 18
1461274149, 109.298, 109.674, 109.177, 71, 45, 47
1461274150, 109.297, 109.666, 109.2, 58, 35, 41
1461274151, 109.267, 109.69, 109.204, 16, 34, 17
1461274152, 109.286, 109.661, 109.211, 34, 16, 1
1461274153, 109.304, 109.655, 109.221, 62, 26, 47
1461274154, 109.289, 109.658, 109.207, 45, 35, 25
1461274155, 109.278, 109.669, 109.209, 55, 35, 38
1461274156, 109.28, 109.651, 109.215, 55, 47, 37
1461274157, 109.305, 109.645, 109.208, 31, 29, 60
1461274158, 109.266, 109.625, 109.203, 28, 61, 26
1461274159, 109.284, 109.634, 109.226, 72, 40, 62
1461274160, 109.296, 109.654, 109.228, 4, 56, 31
1461274161, 109.283, 109.655, 109.224, 49, 44, 12
1461274162, 109.264, 109.674, 109.251, 73, 39, 37
1461274163, 109.248, 109.663, 109.284, 46, 34, 49
1461274164, 109.227, 109.66, 109.279, 52, 22, 58
1461274165, 109.219, 109.638, 109.299, 38, 27, 44
1461274166, 109.232, 109.646, 109.317, 43, 55, 4
1461274167, 109.236, 109.644, 109.313, 27, 54, 45
1461274168, 109.245, 109.616, 109.3, 19, 35, 16
1461274169, 109.251, 109.606, 109.302, 43, 14, 83
1461274170, 109.257, 109.604, 109.278, 55, 36, 25
1461274171, 109.259, 109.627, 109.292, 22, 34, 1
1461274172, 109.234, 109.619, 109.3, 53, 63, 29
1461274173, 109.252, 109.621, 109.302, 44, 40, 27
1461274174, 109.279, 109.62, 109.319, 53, 32, 17
1461274175, 109.293, 109.627, 109.333, 62, 42, 21
1461274176, 109.258, 109.627, 109.333, 72, 1, 26
1461274177, 109.278, 109.614, 109.334, 32, 13, 27
1461274178, 109.288, 109.607, 109.38, 43, 73, 50
1461274179, 109.265, 109.61, 109.351, 85, 6, 73
1461274180, 109.258, 109.632, 109.332, 28, 69, 17
1461274181, 109.266, 109.638, 109.308, 41, 42, 23
1461274182, 109.282, 109.661, 109.329, 30, 39, 42
1461274183, 109.295, 109.646, 109.309, 26, 35, 49
1461274184, 109.296, 109.665, 109.315, 12, 14, 44
1461274185, 109.319, 109.656, 109.284, 38, 39, 18
1461274186, 109.327, 109.648, 109.268, 29, 47, 56
1461274187, 109.314, 109.665, 109.251, 12, 35, 22
1461274188, 109.272, 109.652, 109.241, 5, 37, 55
1461274189, 109.281, 109.65, 109.213, 25, 59, 43
1461274190, 109.277, 109.634, 109.214, 17, 33, 20
1461274191, 109.274, 109.634, 109.203, 26, 34, 60
1461274192, 109.263, 109.637, 109.195, 47, 79, 30
1461274193, 109.25, 109.645, 109.187, 33, 18, 64
1461274194, 109.213, 109.653, 109.194, 21, 19, 41
1461274195, 109.201, 109.637, 109.194, 34, 63, 28
1461274196, 109.212, 109.622, 109.193, 36, 48, 30
1461274197, 109.216, 109.624, 109.185, 1, 41, 42
1461274198, 109.261, 109.652, 109.136, 27, 4, 68
1461274199, 109.267, 109.665, 109.135, 59, 7, 42
1461274200, 109.263, 109.672, 109.168, 110, 13, 18
1461274201, 109.26, 109.693, 109.205, 3, 1, 13
1461274202, 109.259, 109.684, 109.232, 30, 47, 32
1461274203, 109.275, 109.684, 109.22, 38, 11, 1
1461274204, 109.273, 109.704, 109.247, 27, 51, 72
1461274205, 109.267, 109.699, 109.256, 18, 68, 64
1461274206, 109.256, 109.692, 109.24, 31, 26, 15
1461274207, 109.246, 109.687, 109.252, 24, 35, 28
1461274208, 109.253, 109.684, 109.245, 63, 83, 50
1461274209, 109.243, 109.68, 109.243, 72, 93, 60
1461274210, 109.227, 109.653, 109.236, 66, 60, 64
1461274211, 109.205, 109.63, 109.224, 48, 55, 60
1461274212, 109.19, 109.634, 109.268, 68, 30, 51
1461274213, 109.19, 109.628, 109.248, 36, 46, 16
1461274214, 109.199, 109.614, 109.239, 48, 17, 1
1461274215, 109.184, 109.632, 109.247, 47, 10, 14
1461274216, 109.157, 109.608, 109.259, 27, 1, 1
1461274217, 109.164, 109.592, 109.23, 51, 38, 42
1461274218, 109.17, 109.591, 109.226, 23, 58, 56
1461274219, 109.182, 109.612, 109.222, 12, 30, 1
1461274220, 109.175, 109.566, 109.25, 46, 17, 40
1461274221, 109.198, 109.544, 109.246, 25, 1, 65
1461274222, 109.181, 109.524, 109.243, 5, 32, 21
1461274223, 109.157, 109.512, 109.272, 1, 31, 80
1461274224, 109.143, 109.479, 109.28, 17, 39, 61
1461274225, 109.149, 109.485, 109.269, 33, 34, 51
1461274226, 109.15, 109.482, 109.287, 34, 13, 57
1461274227, 109.137, 109.489, 109.316, 38, 51, 29
1461274228, 109.103, 109.503, 109.305, 41, 24, 45
1461274229, 109.063, 109.517, 109.31, 17, 29, 43
1461274230, 109.071, 109.5, 109.296, 55, 32, 69
1461274231, 109.101, 109.499, 109.308, 5, 22, 39
1461274232, 109.098, 109.5, 109.333, 31, 30, 36
1461274233, 109.079, 109.494, 109.332, 51, 46, 80
1461274234, 109.055, 109.513, 109.32, 30, 38, 6
1461274235, 109.039, 109.518, 109.311, 4, 74, 88
1461274236, 109.03, 109.518, 109.314, 29, 22, 19
1461274237, 109.059, 109.545, 109.318, 40, 51, 1
1461274238, 109.07, 109.558, 109.295, 76, 21, 38
1461274239, 109.064, 109.556, 109.31, 30, 26, 51
1461274240, 109.056, 109.557, 109.31, 1, 54, 29
1461274241, 109.036, 109.547, 109.337, 50, 21, 1
1461274242, 109.013, 109.525, 109.349, 18, 51, 50
1461274243, 109.021, 109.517, 109.334, 46, 64, 35
1461274244, 109.006, 109.522, 109.305, 75, 8, 42
1461274245, 109.016, 109.509, 109.286, 1, 65, 56
1461274246, 109.017, 109.499, 109.277, 22, 68, 64
1461274247, 109.031, 109.516, 109.316, 65, 12, 3
1461274248, 109.001, 109.522, 109.274, 57, 11, 23
1461274249, 109.001, 109.542, 109.241, 49, 22, 69
1461274250, 109.017, 109.569, 109.24, 50, 60, 61
1461274251, 109.005, 109.598, 109.248, 5, 12, 21
1461274252, 109.043, 109.6, 109.248, 31, 27, 43
1461274253, 109.04, 109.629, 109.202, 37, 18, 20
1461274254, 109.037, 109.644, 109.22, 50, 2, 21
1461274255, 109.039, 109.625, 109.23, 8, 1, 17
1461274256, 109.055, 109.631, 109.207, 27, 26, 46
1461274257, 109.061, 109.604, 109.205, 65, 68, 36
1461274258, 109.061, 109.599, 109.192, 41, 51, 26
1461274259, 109.063, 109.626, 109.194, 43, 42, 37
1461274260, 109.026, 109.638, 109.157, 24, 45, 11
1461274261, 109.012, 109.647, 109.17, 18, 7, 54
1461274262, 109.018, 109.639, 109.193, 44, 71, 32
1461274263, 109.009, 109.682, 109.196, 10, 33, 71
1461274264, 108.989, 109.682, 109.184, 9, 68, 25
1461274265, 109.002, 109.687, 109.176, 63, 58, 43
1461274266, 109.013, 109.694, 109.176, 62, 38, 47
1461274267, 109.033, 109.695, 109.171, 66, 32, 40
1461274268, 109.036, 109.725, 109.178, 37, 39, 18
1461274269, 109.035, 109.738, 109.163, 54, 30, 35
1461274270, 109.09, 109.709, 109.177, 70, 30, 25
1461274271, 109.057, 109.709, 109.159, 36, 14, 32
1461274272, 109.071, 109.707, 109.163, 61, 11, 17
1461274273, 109.097, 109.673, 109.196, 78, 56, 1
1461274274, 109.08, 109.681, 109.193, 53, 1, 69
1461274275, 109.086, 109.681, 109.201, 29, 43, 54
1461274276, 109.063, 109.673, 109.215, 63, 49, 68
1461274277, 109.078, 109.672, 109.208, 1, 60, 58
1461274278, 109.087, 109.689, 109.214, 26, 40, 21
1461274279, 109.085, 109.711, 109.201, 37, 36, 16
1461274280, 109.05, 109.703, 109.181, 36, 50, 5
1461274281, 109.058, 109.718, 109.172, 22, 43, 55
1461274282, 109.067, 109.732, 109.175, 61, 40, 34
1461274283, 109.074, 109.736, 109.18, 41, 21, 14
1461274284, 109.064, 109.731, 109.191, 49, 32, 34
1461274285, 109.06, 109.724, 109.204, 63, 10, 50
1461274286, 109.028, 109.722, 109.21, 54, 22, 28
1461274287, 109.029, 109.73, 109.188, 40, 27, 36
1461274288, 108.998, 109.715, 109.194, 61, 0, 6
1461274289, 109.017, 109.755, 109.21, 48, 3, 47
1461274290, 109.02, 109.733, 109.239, 13, 55, 38
1461274291, 109.01, 109.724, 109.242, 68, 60, 1
1461274292, 109.024, 109.714, 109.232, 13, 44, 1
1461274293, 109.027, 109.713, 109.253, 72, 41, 55
1461274294, 109.048, 109.741, 109.287, 16, 55, 35
1461274295, 109.009, 109.737, 109.278, 30, 80, 27
1461274296, 109.012, 109.727, 109.288, 20, 44, 39
1461274297, 109.016, 109.727, 109.294, 64, 18, 2
1461274298, 109.031, 109.732, 109.312, 1, 6, 37
1461274299, 109, 109.765, 109.319, 39, 2, 36
1461274300, 109, 109.776, 109.348, 43, 43, 51
1461274301, 108.98, 109.765, 109.346, 15, 50, 56
1461274302, 108.986, 109.782, 109.379, 69, 57, 42
1461274303, 108.976, 109.758, 109.359, 13, 64, 28
1461274304, 108.986, 109.749, 109.351, 50, 19, 56
1461274305, 108.997, 109.717, 109.361, 7, 67, 1
1461274306, 109.018, 109.705, 109.387, 36, 38, 61
1461274307, 108.997, 109.724, 109.38, 58, 25, 10
1461274308, 109.001, 109.729, 109.361, 33, 22, 44
1461274309, 109.026, 109.703, 109.372, 44, 41, 34
1461274310, 109.007, 109.661, 109.378, 57, 5, 41
1461274311, 109.019, 109.636, 109.405, 5, 41, 27
1461274312, 109.043, 109.659, 109.43, 27, 36, 56
1461274313, 109.047, 109.672, 109.392, 35, 3, 13
1461274314, 109.039, 109.689, 109.399, 39, 70, 1
1461274315, 109.042, 109.698, 109.416, 10, 39, 24
1461274316, 109.062, 109.686, 109.424, 62, 49, 34
1461274317, 109.047, 109.69, 109.447, 13, 44, 45
1461274318, 109.033, 109.701, 109.447, 43, 10, 40
1461274319, 109.023, 109.705, 109.447, 12, 47, 57
1461274320, 109.032, 109.699, 109.454, 29, 35, 19
1461274321, 109.033, 109.686, 109.46, 0, 35, 72
1461274322, 109.041, 109.694, 109.486, 34, 26, 40
1461274323, 109.048, 109.713, 109.447, 56, 10, 1
1461274324, 109.04, 109.732, 109.467, 45, 24, 63
1461274325, 109.02, 109.749, 109.489, 27, 44, 42
1461274326, 109.031, 109.766, 109.488, 19, 45, 35
1461274327, 109.04, 109.775, 109.45, 24, 62, 52
1461274328, 109.051, 109.784, 109.46, 62, 25, 18
1461274329, 109.074, 109.794, 109.449, 16, 8, 45
1461274330, 109.09, 109.838, 109.457, 30, 35, 47
1461274331, 109.099, 109.814, 109.455, 18, 60, 44
1461274332, 109.104, 109.809, 109.455, 19, 14, 50
1461274333, 109.118, 109.762, 109.491, 48, 20, 34
1461274334, 109.142, 109.795, 109.488, 31, 5, 33
1461274335, 109.111, 109.768, 109.49, 1, 32, 55
1461274336, 109.113, 109.795, 109.494, 29, 61, 14
1461274337, 109.13, 109.802, 109.485, 30, 49, 1
1461274338, 109.14, 109.815, 109.518, 26, 28, 19
1461274339, 109.121, 109.813, 109.539, 67, 30, 88
1461274340, 109.119, 109.811, 109.549, 35, 18, 17
1461274341, 109.138, 109.786, 109.555, 1, 59, 14
1461274342, 109.151, 109.811, 109.565, 59, 20, 24
1461274343, 109.151, 109.799, 109.533, 50, 33, 4
1461274344, 109.18, 109.805, 109.541, 59, 11, 41
1461274345, 109.182, 109.797, 109.569, 39, 34, 23
1461274346, 109.165, 109.794, 109.573, 57, 40, 62
1461274347, 109.16, 109.812, 109.586, 29, 43, 45
1461274348, 109.165, 109.805, 109.603, 27, 5, 26
1461274349, 109.175, 109.849, 109.625, 39, 18, 57
1461274350, 109.185, 109.863, 109.599, 32, 48, 31
1461274351, 109.187, 109.879, 109.625, 42, 44, 70
1461274352, 109.201, 109.877, 109.638, 1, 35, 41
1461274353, 109.196, 109.866, 109.612, 37, 1, 62
1461274354, 109.202, 109.869, 109.597, 10, 74, 55
1461274355, 109.214, 109.87, 109.59, 22, 40, 5
1461274356, 109.205, 109.851, 109.584, 4, 68, 36
1461274357, 109.215, 109.833, 109.583, 50, 44, 60
1461274358, 109.22, 109.834, 109.596, 59, 40, 55
1461274359, 109.241, 109.869, 109.591, 52, 54, 0
1461274360, 109.248, 109.878, 109.567, 0, 56, 8
1461274361, 109.251, 109.882, 109.565, 63, 38, 55
1461274362, 109.262, 109.883, 109.553, 59, 38, 59
1461274363, 109.261, 109.894, 109.54, 36, 42, 1
1461274364, 109.256, 109.899, 109.56, 42, 56, 6
1461274365, 109.248, 109.894, 109.571, 24, 37, 53
1461274366, 109.264, 109.883, 109.561, 20, 31, 10
1461274367, 109.281, 109.883, 109.562, 54, 37, 29
1461274368, 109.293, 109.882, 109.58, 38, 24, 44
1461274369, 109.27, 109.884, 109.602, 43, 31, 79
1461274370, 109.277, 109.834, 109.596, 57, 15, 14
1461274371, 109.323, 109.833, 109.604, 42, 18, 45
1461274372, 109.353, 109.857, 109.592, 40, 43, 47
1461274373, 109.372, 109.865, 109.583, 45, 23, 52
1461274374, 109.374, 109.851, 109.557, 0, 55, 34
1461274375, 109.371, 109.859, 109.546, 25, 41, 7
1461274376, 109.38, 109.852, 109.521, 46, 45, 34
1461274377, 109.38, 109.854, 109.499, 37, 6, 29
1461274378, 109.381, 109.846, 109.525, 6, 28, 23
1461274379, 109.384, 109.832, 109.531, 46, 57, 1
1461274380, 109.36, 109.831, 109.527, 10, 2, 75
1461274381, 109.378, 109.802, 109.52, 7, 18, 23
1461274382, 109.385, 109.785, 109.516, 39, 33, 1
1461274383, 109.39, 109.79, 109.506, 9, 1, 41
1461274384, 109.378, 109.808, 109.525, 39, 2, 1
1461274385, 109.363, 109.797, 109.528, 41, 63, 47
1461274386, 109.353, 109.778, 109.517, 71, 7, 8
1461274387, 109.357, 109.819, 109.55, 56, 43, 4
1461274388, 109.344, 109.835, 109.556, 64, 18, 54
1461274389, 109.339, 109.844, 109.533, 46, 4, 49
1461274390, 109.343, 109.841, 109.517, 28, 30, 1
1461274391, 109.358, 109.8, 109.523, 67, 27, 31
1461274392, 109.378, 109.799, 109.511, 55, 27, 31
1461274393, 109.348, 109.804, 109.497, 41, 39, 50
1461274394, 109.348, 109.828, 109.521, 20, 17, 6
1461274395, 109.338, 109.856, 109.489, 37, 67, 67
1461274396, 109.352, 109.85, 109.486, 56, 14, 41
1461274397, 109.344, 109.861, 109.459, 29, 47, 2
1461274398, 109.341, 109.87, 109.494, 5, 1, 48
1461274399, 109.391, 109.877, 109.499, 47, 27, 50
1461274400, 109.367, 109.856, 109.488, 55, 42, 67
1461274401, 109.363, 109.842, 109.507, 66, 37, 24
1461274402, 109.36, 109.841, 109.505, 6, 32, 27
1461274403, 109.369, 109.838, 109.509, 21, 25, 33
1461274404, 109.358, 109.825, 109.524, 29, 45, 54
1461274405, 109.35, 109.833, 109.504, 32, 1, 26
1461274406, 109.365, 109.829, 109.478, 69, 57, 48
1461274407, 109.353, 109.814, 109.482, 75, 11, 38
1461274408, 109.348, 109.82, 109.475, 45, 32, 83
1461274409, 109.34, 109.842, 109.462, 17, 39, 14
1461274410, 109.329, 109.855, 109.465, 33, 18, 53
1461274411, 109.3, 109.843, 109.438, 73, 50, 30
1461274412, 109.289, 109.809, 109.429, 32, 43, 13
1461274413, 109.281, 109.807, 109.42, 33, 3, 1
1461274414, 109.248, 109.79, 109.415, 49, 67, 1
1461274415, 109.209, 109.778, 109.41, 9, 63, 19
1461274416, 109.178, 109.79, 109.41, 10, 42, 19
1461274417, 109.184, 109.791, 109.399, 49, 5, 23
1461274418, 109.178, 109.793, 109.414, 66, 86, 50
1461274419, 109.179, 109.786, 109.412, 29, 28, 8
1461274420, 109.167, 109.793, 109.383, 65, 31, 59
1461274421, 109.148, 109.809, 109.407, 29, 49, 62
1461274422, 109.173, 109.791, 109.42, 18, 26, 39
1461274423, 109.179, 109.803, 109.447, 32, 19, 8
1461274424, 109.191, 109.794, 109.457, 32, 15, 64
1461274425, 109.193, 109.815, 109.432, 20, 42, 42
1461274426, 109.177, 109.816, 109.411, 27, 59, 42
1461274427, 109.176, 109.768, 109.441, 4, 16, 57
1461274428, 109.179, 109.77, 109.452, 23, 5, 26
1461274429, 109.189, 109.785, 109.431, 33, 57, 24
1461274430, 109.189, 109.77, 109.462, 28, 19, 13
1461274431, 109.203, 109.795, 109.422, 31, 46, 1
1461274432, 109.22, 109.783, 109.441, 63, 58, 20
1461274433, 109.217, 109.792, 109.412, 46, 46, 41
1461274434, 109.229, 109.8, 109.404, 21, 64, 21
1461274435, 109.202, 109.778, 109.422, 35, 55, 57
1461274436, 109.227, 109.765, 109.41, 36, 18, 1
1461274437, 109.232, 109.782, 109.368, 50, 1, 28
1461274438, 109.211, 109.783, 109.39, 38, 33, 1
1461274439, 109.202, 109.782, 109.386, 30, 21, 38
1461274440, 109.19, 109.778, 109.393, 41, 118, 62
1461274441, 109.181, 109.744, 109.444, 16, 19, 28
1461274442, 109.182, 109.776, 109.449, 23, 1, 8
1461274443, 109.207, 109.799, 109.449, 38, 32, 46
1461274444, 109.209, 109.793, 109.433, 77, 21, 9
1461274445, 109.207, 109.789, 109.45, 22, 13, 50
1461274446, 109.216, 109.756, 109.424, 35, 34, 84
1461274447, 109.187, 109.756, 109.429, 53, 72, 7
1461274448, 109.198, 109.76, 109.433, 43, 41, 19
1461274449, 109.185, 109.775, 109.417, 72, 75, 54
1461274450, 109.198, 109.785, 109.433, 72, 5, 10
1461274451, 109.189, 109.756, 109.454, 31, 26, 59
1461274452, 109.216, 109.719, 109.457, 54, 16, 47
1461274453, 109.23, 109.766, 109.452, 48, 31, 20
1461274454, 109.234, 109.763, 109.422, 1, 22, 57
1461274455, 109.244, 109.767, 109.413, 21, 1, 34
1461274456, 109.233, 109.77, 109.42, 58, 15, 34
1461274457, 109.221, 109.758, 109.429, 40, 60, 54
1461274458, 109.242, 109.745, 109.426, 48, 35, 55
1461274459, 109.223, 109.759, 109.419, 20, 43, 43
1461274460, 109.206, 109.762, 109.424, 16, 44, 60
1461274461, 109.205, 109.761, 109.402, 70, 1, 16
1461274462, 109.171, 109.762, 109.384, 10, 32, 19
1461274463, 109.179, 109.757, 109.373, 8, 74, 57
1461274464, 109.183, 109.754, 109.366, 62, 72, 22
1461274465, 109.179, 109.785, 109.376, 76, 63, 69
1461274466, 109.151, 109.774, 109.359, 28, 23, 20
1461274467, 109.172, 109.77, 109.382, 43, 27, 29
1461274468, 109.185, 109.748, 109.386, 55, 1, 1
1461274469, 109.18, 109.786, 109.377, 21, 8, 82
1461274470, 109.193, 109.758, 109.37, 41, 77, 31
1461274471, 109.177, 109.731, 109.361, 43, 27, 45
1461274472, 109.191, 109.736, 109.361, 55, 33, 36
1461274473, 109.2, 109.761, 109.4, 27, 33, 47
1461274474, 109.212, 109.769, 109.384, 56, 43, 31
1461274475, 109.215, 109.755, 109.395, 13, 51, 71
1461274476, 109.183, 109.757, 109.414, 65, 37, 1
1461274477, 109.218, 109.773, 109.389, 15, 56, 19
1461274478, 109.187, 109.786, 109.358, 25, 32, 1
1461274479, 109.16, 109.788, 109.376, 30, 9, 4
1461274480, 109.17, 109.794, 109.382, 24, 43, 7
1461274481, 109.138, 109.79, 109.419, 49, 34, 27
1461274482, 109.122, 109.782, 109.405, 47, 1, 24
1461274483, 109.137, 109.748, 109.414, 24, 61, 16
1461274484, 109.163, 109.752, 109.373, 8, 70, 10
1461274485, 109.177, 109.734, 109.364, 71, 40, 39
1461274486, 109.149, 109.758, 109.351, 0, 55, 48
1461274487, 109.137, 109.756, 109.358, 65, 23, 40
1461274488, 109.117, 109.75, 109.353, 29, 35, 26
1461274489, 109.127, 109.792, 109.345, 52, 19, 71
1461274490, 109.135, 109.804, 109.343, 10, 47, 27
1461274491, 109.1, 109.79, 109.351, 59, 9, 22
1461274492, 109.106, 109.798, 109.355, 27, 67, 23
1461274493, 109.13, 109.831, 109.375, 68, 9, 59
1461274494, 109.134, 109.803, 109.357, 36, 44, 43
1461274495, 109.138, 109.819, 109.365, 36, 37, 44
1461274496, 109.127, 109.806, 109.339, 30, 57, 38
1461274497, 109.123, 109.799, 109.322, 56, 60, 58
1461274498, 109.146, 109.814, 109.331, 19, 1, 3
1461274499, 109.143, 109.798, 109.358, 56, 17, 38
1461274500, 109.161, 109.813, 109.363, 23, 56, 26
1461274501, 109.157, 109.804, 109.365, 9, 6, 38
1461274502, 109.167, 109.79, 109.353, 1, 27, 30
1461274503, 109.126, 109.808, 109.337, 55, 1, 0
1461274504, 109.145, 109.807, 109.341, 11, 87, 17
1461274505, 109.137, 109.79, 109.361, 46, 29, 37
1461274506, 109.154, 109.772, 109.347, 50, 49, 62
1461274507, 109.167, 109.78, 109.339, 58, 9, 1
1461274508, 109.173, 109.767, 109.332, 13, 77, 11
1461274509, 109.203, 109.797, 109.319, 31, 66, 48
1461274510, 109.194, 109.774, 109.326, 5, 31, 45
1461274511, 109.178, 109.779, 109.333, 14, 16, 52
1461274512, 109.167, 109.789, 109.347, 5, 40, 35
1461274513, 109.182, 109.757, 109.366, 58, 21, 35
1461274514, 109.22, 109.764, 109.389, 38, 16, 47
1461274515, 109.229, 109.725, 109.383, 27, 9, 23
1461274516, 109.225, 109.705, 109.388, 78, 6, 52
1461274517, 109.225, 109.703, 109.381, 44, 34, 13
1461274518, 109.215, 109.716, 109.392, 31, 35, 84
1461274519, 109.204, 109.706, 109.404, 28, 52, 34
1461274520, 109.184, 109.678, 109.399, 13, 29, 69
1461274521, 109.184, 109.66, 109.414, 24, 14, 71
1461274522, 109.179, 109.662, 109.402, 38, 48, 82
1461274523, 109.171, 109.645, 109.407, 35, 1, 44
1461274524, 109.182, 109.618, 109.42, 7, 34, 21
1461274525, 109.169, 109.611, 109.426, 26, 41, 30
1461274526, 109.176, 109.605, 109.446, 15, 11, 20
1461274527, 109.146, 109.6, 109.452, 22, 53, 13
1461274528, 109.145, 109.604, 109.453, 33, 74, 39
1461274529, 109.151, 109.621, 109.463, 59, 74, 29
1461274530, 109.143, 109.633, 109.434, 42, 3, 6
1461274531, 109.184, 109.624, 109.424, 26, 34, 26
1461274532, 109.212, 109.611, 109.405, 27, 27, 48
1461274533, 109.213, 109.59, 109.41, 17, 43, 18
1461274534, 109.234, 109.578, 109.395, 66, 76, 20
1461274535, 109.267, 109.6, 109.41, 53, 51, 31
1461274536, 109.267, 109.591, 109.386, 73, 63, 56
1461274537, 109.293, 109.582, 109.367, 53, 71, 36
1461274538, 109.29, 109.579, 109.369, 12, 38, 20
1461274539, 109.322, 109.595, 109.371, 56, 68, 4
1461274540, 109.343, 109.6, 109.397, 60, 36, 20
1461274541, 109.354, 109.604, 109.399, 16, 61, 49
1461274542, 109.347, 109.598, 109.38, 57, 48, 48
1461274543, 109.348, 109.628, 109.398, 32, 15, 53
1461274544, 109.346, 109.622, 109.361, 32, 35, 49
1461274545, 109.353, 109.621, 109.335, 48, 53, 42
1461274546, 109.365, 109.637, 109.335, 20, 19, 65
1461274547, 109.379, 109.654, 109.33, 17, 19, 5
1461274548, 109.367, 109.63, 109.294, 21, 45, 37
1461274549, 109.361, 109.642, 109.274, 24, 46, 41
1461274550, 109.373, 109.634, 109.254, 64, 26, 45
1461274551, 109.373, 109.65, 109.251, 1, 47, 25
1461274552, 109.39, 109.652, 109.252, 57, 1, 59
1461274553, 109.375, 109.645, 109.249, 68, 43, 40
1461274554, 109.398, 109.613, 109.243, 31, 60, 52
1461274555, 109.428, 109.605, 109.256, 33, 23, 57
1461274556, 109.446, 109.596, 109.252, 51, 45, 27
1461274557, 109.427, 109.584, 109.245, 33, 44, 42
1461274558, 109.429, 109.619, 109.237, 42, 33, 26
1461274559, 109.45, 109.604, 109.25, 56, 20, 8
1461274560, 109.463, 109.614, 109.24, 50, 39, 42
1461274561, 109.467, 109.612, 109.259, 12, 60, 13
1461274562, 109.451, 109.615, 109.237, 43, 66, 46
1461274563, 109.454, 109.585, 109.244, 14, 29, 42
1461274564, 109.454, 109.606, 109.254, 64, 35, 1
1461274565, 109.476, 109.597, 109.275, 13, 0, 23
1461274566, 109.479, 109.596, 109.304, 36, 53, 22
1461274567, 109.487, 109.587, 109.305, 18, 1, 1
1461274568, 109.489, 109.608, 109.304, 43, 12, 8
1461274569, 109.477, 109.604, 109.288, 48, 18, 33
1461274570, 109.489, 109.604, 109.29, 34, 53, 14
1461274571, 109.48, 109.608, 109.284, 74, 54, 54
1461274572, 109.477, 109.577, 109.301, 16, 36, 1
1461274573, 109.48, 109.569, 109.328, 45, 46, 43
1461274574, 109.474, 109.553, 109.335, 35, 30, 31
1461274575, 109.465, 109.533, 109.329, 46, 82, 51
1461274576, 109.451, 109.54, 109.344, 36, 10, 23
1461274577, 109.426, 109.544, 109.357, 60, 14, 54
1461274578, 109.476, 109.529, 109.342, 49, 19, 1
1461274579, 109.44, 109.496, 109.36, 38, 1, 27
1461274580, 109.423, 109.495, 109.371, 10, 28, 10
1461274581, 109.446, 109.472, 109.364, 32, 56, 35
1461274582, 109.424, 109.47, 109.363, 35, 67, 13
1461274583, 109.419, 109.449, 109.368, 26, 40, 53
1461274584, 109.406, 109.438, 109.349, 46, 79, 10
1461274585, 109.398, 109.439, 109.375, 28, 55, 32
1461274586, 109.377, 109.438, 109.394, 35, 47, 59
1461274587, 109.395, 109.417, 109.411, 59, 20, 28
1461274588, 109.413, 109.421, 109.433, 39, 64, 14
1461274589, 109.403, 109.428, 109.432, 25, 75, 46
1461274590, 109.39, 109.438, 109.415, 4, 34, 66
1461274591, 109.37, 109.421, 109.388, 6, 26, 23
1461274592, 109.35, 109.422, 109.396, 79, 51, 30
1461274593, 109.322, 109.442, 109.428, 20, 59, 34
1461274594, 109.298, 109.438, 109.437, 40, 15, 46
1461274595, 109.303, 109.437, 109.426, 34, 21, 44
1461274596, 109.297, 109.441, 109.412, 48, 40, 15
1461274597, 109.299, 109.441, 109.414, 17, 18, 56
1461274598, 109.279, 109.47, 109.393, 73, 15, 49
1461274599, 109.274, 109.503, 109.368, 48, 8, 7
1461274600, 109.277, 109.512, 109.408, 53, 41, 35
1461274601, 109.297, 109.541, 109.398, 28, 1, 15
1461274602, 109.298, 109.541, 109.412, 9, 37, 47
1461274603, 109.294, 109.516, 109.423, 52, 48, 43
1461274604, 109.287, 109.516, 109.441, 47, 13, 22
1461274605, 109.282, 109.494, 109.426, 24, 24, 28
1461274606, 109.28, 109.489, 109.424, 23, 21, 47
1461274607, 109.274, 109.487, 109.425, 15, 16, 55
1461274608, 109.286, 109.493, 109.4, 51, 33, 1
1461274609, 109.298, 109.51, 109.415, 51, 35, 48
1461274610, 109.298, 109.522, 109.427, 33, 36, 36
1461274611, 109.295, 109.534, 109.422, 19, 68, 41
1461274612, 109.274, 109.515, 109.426, 51, 25, 77
1461274613, 109.279, 109.533, 109.397, 70, 13, 0
1461274614, 109.292, 109.523, 109.392, 43, 24, 31
1461274615, 109.31, 109.516, 109.395, 29, 49, 26
1461274616, 109.306, 109.529, 109.403, 42, 51, 11
1461274617, 109.28, 109.505, 109.418, 38, 36, 35
1461274618, 109.267, 109.513, 109.402, 36, 47, 8
1461274619, 109.275, 109.507, 109.402, 1, 19, 34
1461274620, 109.295, 109.503, 109.405, 42, 68, 92
1461274621, 109.263, 109.508, 109.41, 56, 23, 11
1461274622, 109.251, 109.508, 109.429, 44, 24, 48
1461274623, 109.296, 109.521, 109.41, 75, 47, 45
1461274624, 109.279, 109.557, 109.418, 31, 45, 28
1461274625, 109.242, 109.551, 109.427, 2, 42, 41
1461274626, 109.231, 109.539, 109.433, 45, 41, 40
1461274627, 109.232, 109.543, 109.442, 18, 18, 39
1461274628, 109.268, 109.549, 109.427, 60, 18, 1
1461274629, 109.294, 109.539, 109.441, 30, 66, 22
1461274630, 109.298, 109.541, 109.452, 40, 39, 21
1461274631, 109.306, 109.547, 109.444, 8, 7, 37
1461274632, 109.284, 109.56, 109.394, 47, 48, 24
1461274633, 109.283, 109.544, 109.391, 73, 27, 45
1461274634, 109.306, 109.549, 109.399, 21, 41, 50
1461274635, 109.305, 109.556, 109.412, 64, 50, 16
1461274636, 109.301, 109.57, 109.427, 57, 37, 53
1461274637, 109.294, 109.58, 109.458, 63, 10, 34
1461274638, 109.298, 109.587, 109.446, 50, 8, 18
1461274639, 109.304, 109.605, 109.45, 16, 1, 63
1461274640, 109.309, 109.608, 109.463, 45, 66, 17
1461274641, 109.316, 109.594, 109.476, 39, 36, 39
1461274642, 109.328, 109.581, 109.457, 61, 29, 53
1461274643, 109.314, 109.578, 109.456, 28, 21, 33
1461274644, 109.311, 109.58, 109.419, 59, 18, 29
1461274645, 109.3, 109.603, 109.429, 7, 24, 37
1461274646, 109.286, 109.603, 109.446, 39, 69, 55
1461274647, 109.263, 109.589, 109.427, 28, 33, 69
1461274648, 109.274, 109.632, 109.418, 26, 27, 1
1461274649, 109.254, 109.594, 109.439, 18, 57, 1
1461274650, 109.278, 109.588, 109.399, 24, 47, 35
1461274651, 109.284, 109.566, 109.395, 1, 9, 56
1461274652, 109.3, 109.55, 109.417, 38, 75, 17
1461274653, 109.277, 109.548, 109.409, 32, 21, 68
1461274654, 109.254, 109.555, 109.406, 14, 1, 1
1461274655, 109.22, 109.581, 109.37, 51, 21, 23
1461274656, 109.251, 109.603, 109.366, 41, 29, 28
1461274657, 109.254, 109.603, 109.38, 43, 42, 1
1461274658, 109.235, 109.588, 109.349, 30, 63, 25
1461274659, 109.22, 109.606, 109.334, 34, 31, 9
1461274660, 109.232, 109.591, 109.393, 53, 21, 26
1461274661, 109.23, 109.555, 109.394, 13, 25, 62
1461274662, 109.221, 109.575, 109.376, 26, 38, 18
1461274663, 109.216, 109.584, 109.365, 61, 15, 31
1461274664, 109.204, 109.588, 109.355, 43, 17, 65
1461274665, 109.186, 109.613, 109.37, 1, 59, 31
1461274666, 109.186, 109.579, 109.343, 34, 69, 34
1461274667, 109.179, 109.548, 109.377, 23, 34, 36
1461274668, 109.205, 109.534, 109.354, 1, 5, 56
1461274669, 109.227, 109.547, 109.349, 1, 38, 54
1461274670, 109.247, 109.524, 109.352, 13, 23, 48
1461274671, 109.268, 109.543, 109.324, 33, 11, 12
1461274672, 109.274, 109.537, 109.326, 20, 26, 11
1461274673, 109.285, 109.554, 109.319, 14, 26, 23
1461274674, 109.316, 109.567, 109.315, 37, 38, 55
1461274675, 109.304, 109.59, 109.331, 36, 20, 46
1461274676, 109.289, 109.612, 109.358, 31, 59, 35
1461274677, 109.286, 109.614, 109.376, 44, 19, 59
1461274678, 109.283, 109.621, 109.39, 42, 49, 41
1461274679, 109.278, 109.624, 109.43, 47, 21, 28
1461274680, 109.256, 109.61, 109.458, 38, 78, 5
1461274681, 109.26, 109.592, 109.461, 47, 36, 58
1461274682, 109.24, 109.593, 109.442, 59, 43, 24
1461274683, 109.246, 109.586, 109.436, 7, 51, 31
1461274684, 109.236, 109.619, 109.449, 57, 35, 24
1461274685, 109.245, 109.619, 109.426, 17, 30, 25
1461274686, 109.236, 109.619, 109.41, 16, 68, 74
1461274687, 109.218, 109.609, 109.421, 55, 12, 33
1461274688, 109.246, 109.597, 109.433, 27, 39, 58
1461274689, 109.264, 109.608, 109.433, 36, 35, 37
1461274690, 109.266, 109.601, 109.457, 15, 30, 20
1461274691, 109.219, 109.596, 109.454, 28, 52, 37
1461274692, 109.205, 109.609, 109.469, 50, 34, 17
1461274693, 109.213, 109.6, 109.49, 56, 62, 8
1461274694, 109.203, 109.575, 109.497, 53, 50, 30
1461274695, 109.196, 109.592, 109.499, 70, 58, 51
1461274696, 109.167, 109.59, 109.481, 30, 56, 38
1461274697, 109.162, 109.586, 109.471, 87, 70, 1
1461274698, 109.142, 109.571, 109.496, 39, 16, 26
1461274699, 109.142, 109.579, 109.497, 59, 3, 34
1461274700, 109.144, 109.577, 109.506, 14, 23, 30
1461274701, 109.152, 109.561, 109.519, 49, 22, 4
1461274702, 109.147, 109.556, 109.496, 16, 1, 48
1461274703, 109.143, 109.552, 109.506, 28, 61, 42
1461274704, 109.173, 109.528, 109.537, 9, 31, 20
1461274705, 109.189, 109.526, 109.526, 17, 13, 58
1461274706, 109.186, 109.529, 109.517, 43, 76, 45
1461274707, 109.184, 109.536, 109.51, 60, 32, 33
1461274708, 109.179, 109.553, 109.501, 43, 64, 3
1461274709, 109.206, 109.572, 109.469, 48, 46, 46
1461274710, 109.218, 109.581, 109.447, 62, 10, 13
1461274711, 109.205, 109.572, 109.448, 32, 14, 18
1461274712, 109.178, 109.573, 109.419, 47, 37, 18
1461274713, 109.209, 109.59, 109.43, 25, 39, 15
1461274714, 109.181, 109.61, 109.425, 26, 14, 46
1461274715, 109.212, 109.606, 109.423, 27, 51, 1
1461274716, 109.185, 109.615, 109.432, 2, 38, 34
1461274717, 109.176, 109.572, 109.436, 60, 64, 53
1461274718, 109.183, 109.598, 109.447, 49, 5, 67
1461274719, 109.193, 109.585, 109.427, 69, 15, 41
1461274720, 109.177, 109.571, 109.418, 1, 36, 4
1461274721, 109.174, 109.519, 109.434, 8, 58, 41
1461274722, 109.174, 109.545, 109.436, 8, 10, 60
1461274723, 109.171, 109.563, 109.455, 4, 37, 72
1461274724, 109.149, 109.583, 109.464, 46, 45, 69
1461274725, 109.132, 109.598, 109.456, 8, 89, 30
1461274726, 109.151, 109.569, 109.466, 30, 30, 52
1461274727, 109.165, 109.566, 109.455, 2, 19, 32
1461274728, 109.15, 109.584, 109.478, 36, 67, 76
1461274729, 109.163, 109.6, 109.467, 25, 48, 66
1461274730, 109.16, 109.596, 109.456, 30, 78, 22
1461274731, 109.148, 109.604, 109.454, 65, 46, 41
1461274732, 109.155, 109.619, 109.453, 25, 18, 9
1461274733, 109.165, 109.625, 109.461, 41, 39, 27
1461274734, 109.122, 109.623, 109.445, 40, 4, 12
1461274735, 109.159, 109.635, 109.474, 35, 43, 32
1461274736, 109.185, 109.654, 109.454, 41, 36, 36
1461274737, 109.171, 109.669, 109.448, 18, 42, 50
1461274738, 109.154, 109.663, 109.439, 38, 47, 25
1461274739, 109.163, 109.656, 109.435, 46, 39, 31
1461274740, 109.16, 109.646, 109.446, 10, 74, 34
1461274741, 109.169, 109.656, 109.478, 17, 28, 29
1461274742, 109.161, 109.688, 109.51, 42, 38, 17
1461274743, 109.161, 109.69, 109.516, 63, 58, 19
1461274744, 109.169, 109.695, 109.511, 63, 64, 10
1461274745, 109.153, 109.696, 109.475, 59, 24, 67
1461274746, 109.157, 109.696, 109.462, 29, 1, 40
1461274747, 109.143, 109.708, 109.462, 13, 51, 61
1461274748, 109.167, 109.705, 109.463, 30, 41, 1
1461274749, 109.179, 109.7, 109.449, 31, 63, 17
1461274750, 109.196, 109.692, 109.485, 9, 22, 32
1461274751, 109.2, 109.677, 109.492, 44, 50, 39
1461274752, 109.19, 109.662, 109.487, 60, 48, 66
1461274753, 109.215, 109.667, 109.467, 48, 15, 62
1461274754, 109.201, 109.66, 109.471, 32, 48, 34
1461274755, 109.227, 109.636, 109.477, 39, 35, 1
1461274756, 109.239, 109.617, 109.485, 60, 47, 20
1461274757, 109.24, 109.628, 109.502, 41, 79, 88
1461274758, 109.246, 109.633, 109.491, 35, 63, 47
1461274759, 109.256, 109.634, 109.504, 27, 34, 1
1461274760, 109.244, 109.61, 109.486, 1, 47, 10
1461274761, 109.241, 109.604, 109.465, 43, 33, 54
1461274762, 109.233, 109.596, 109.442, 5, 30, 20
1461274763, 109.236, 109.612, 109.462, 56, 47, 19
1461274764, 109.227, 109.605, 109.467, 35, 22, 12
1461274765, 109.249, 109.638, 109.451, 48, 22, 11
1461274766, 109.238, 109.639, 109.472, 9, 44, 45
1461274767, 109.224, 109.652, 109.468, 62, 33, 28
1461274768, 109.226, 109.616, 109.485, 59, 25, 39
1461274769, 109.217, 109.631, 109.488, 43, 33, 83
1461274770, 109.237, 109.636, 109.502, 30, 56, 6
1461274771, 109.242, 109.652, 109.509, 73, 57, 14
1461274772, 109.229, 109.626, 109.551, 15, 1, 45
1461274773, 109.222, 109.637, 109.547, 30, 18, 35
1461274774, 109.21, 109.617, 109.563, 47, 50, 41
1461274775, 109.198, 109.636, 109.548, 90, 55, 30
1461274776, 109.182, 109.644, 109.547, 45, 38, 50
1461274777, 109.179, 109.647, 109.533, 25, 37, 32
1461274778, 109.201, 109.612, 109.544, 4, 16, 67
1461274779, 109.167, 109.607, 109.542, 66, 8, 28
1461274780, 109.169, 109.61, 109.557, 19, 53, 29
1461274781, 109.179, 109.616, 109.533, 43, 16, 73
1461274782, 109.196, 109.623, 109.521, 48, 17, 63
1461274783, 109.188, 109.592, 109.486, 45, 53, 53
1461274784, 109.168, 109.589, 109.476, 68, 15, 45
1461274785, 109.171, 109.575, 109.478, 32, 20, 52
1461274786, 109.187, 109.588, 109.492, 57, 29, 36
1461274787, 109.185, 109.569, 109.515, 43, 90, 100
1461274788, 109.207, 109.58, 109.502, 54, 58, 46
1461274789, 109.196, 109.613, 109.523, 44, 1, 43
1461274790, 109.217, 109.63, 109.51, 49, 29, 17
1461274791, 109.206, 109.618, 109.549, 11, 1, 42
1461274792, 109.19, 109.614, 109.53, 38, 50, 26
1461274793, 109.207, 109.603, 109.516, 76, 43, 34
1461274794, 109.199, 109.616, 109.496, 28, 66, 68
1461274795, 109.195, 109.604, 109.455, 64, 42, 22
1461274796, 109.185, 109.611, 109.467, 45, 35, 39
1461274797, 109.183, 109.604, 109.45, 49, 24, 35
1461274798, 109.226, 109.607, 109.439, 70, 51, 8
1461274799, 109.219, 109.582, 109.438, 40, 17, 38
1461274800, 109.231, 109.561, 109.459, 20, 37, 84
1461274801, 109.211, 109.551, 109.446, 20, 36, 45
1461274802, 109.203, 109.521, 109.433, 34, 22, 70
1461274803, 109.227, 109.513, 109.434, 61, 49, 46
1461274804, 109.233, 109.534, 109.445, 31, 59, 44
1461274805, 109.238, 109.53, 109.459, 50, 25, 14
1461274806, 109.234, 109.516, 109.459, 62, 47, 89
1461274807, 109.249, 109.495, 109.474, 30, 15, 50
1461274808, 109.264, 109.493, 109.463, 20, 22, 43
1461274809, 109.285, 109.496, 109.45, 55, 18, 4
1461274810, 109.276, 109.468, 109.457, 58, 14, 26
1461274811, 109.279, 109.444, 109.453, 25, 50, 57
1461274812, 109.297, 109.452, 109.439, 24, 1, 15
1461274813, 109.297, 109.472, 109.425, 69, 27, 48
1461274814, 109.308, 109.459, 109.427, 37, 40, 41
1461274815, 109.3, 109.425, 109.439, 2, 64, 22
1461274816, 109.312, 109.401, 109.406, 58, 34, 13
1461274817, 109.29, 109.409, 109.398, 56, 1, 18
1461274818, 109.312, 109.407, 109.425, 10, 86, 18
1461274819, 109.301, 109.404, 109.401, 7, 54, 18
1461274820, 109.321, 109.397, 109.395, 47, 55, 7
1461274821, 109.331, 109.386, 109.413, 30, 25, 11
1461274822, 109.333, 109.371, 109.438, 48, 19, 49
1461274823, 109.351, 109.36, 109.445, 34, 59, 46
1461274824, 109.336, 109.367, 109.446, 50, 44, 26
1461274825, 109.327, 109.345, 109.439, 54, 49, 48
1461274826, 109.341, 109.34, 109.458, 21, 1, 29
1461274827, 109.347, 109.351, 109.459, 78, 54, 55
1461274828, 109.329, 109.37, 109.477, 37, 82, 36
1461274829, 109.322, 109.402, 109.465, 41, 7, 81
1461274830, 109.339, 109.426, 109.496, 66, 25, 14
1461274831, 109.37, 109.443, 109.495, 21, 12, 46
1461274832, 109.352, 109.48, 109.484, 43, 30, 2
1461274833, 109.359, 109.448, 109.538, 40, 42, 47
1461274834, 109.358, 109.458, 109.54, 10, 68, 73
1461274835, 109.369, 109.447, 109.536, 32, 51, 76
1461274836, 109.367, 109.44, 109.518, 48, 83, 47
1461274837, 109.371, 109.435, 109.511, 43, 50, 21
1461274838, 109.408, 109.446, 109.499, 37, 8, 10
1461274839, 109.409, 109.459, 109.477, 20, 31, 27
1461274840, 109.418, 109.471, 109.493, 51, 3, 61
1461274841, 109.433, 109.48, 109.461, 45, 58, 46
1461274842, 109.442, 109.473, 109.467, 47, 34, 38
1461274843, 109.483, 109.491, 109.473, 18, 38, 61
1461274844, 109.507, 109.477, 109.463, 51, 39, 49
1461274845, 109.485, 109.484, 109.457, 39, 36, 53
1461274846, 109.461, 109.512, 109.459, 36, 28, 31
1461274847, 109.468, 109.541, 109.465, 30, 5, 23
1461274848, 109.459, 109.577, 109.467, 35, 19, 6
1461274849, 109.458, 109.585, 109.452, 14, 41, 73
1461274850, 109.461, 109.572, 109.467, 44, 31, 57
1461274851, 109.475, 109.541, 109.474, 36, 26, 46
1461274852, 109.487, 109.538, 109.502, 63, 61, 43
1461274853, 109.508, 109.524, 109.492, 32, 66, 6
1461274854, 109.524, 109.521, 109.498, 41, 19, 1
1461274855, 109.537, 109.53, 109.503, 48, 97, 43
1461274856, 109.545, 109.501, 109.521, 44, 26, 29
1461274857, 109.58, 109.5, 109.531, 62, 53, 35
1461274858, 109.558, 109.502, 109.522, 31, 33, 27
1461274859, 109.543, 109.49, 109.525, 40, 12, 30
1461274860, 109.521, 109.487, 109.531, 15, 21, 28
1461274861, 109.548, 109.478, 109.55, 52, 28, 1
1461274862, 109.544, 109.469, 109.539, 44, 17, 54
1461274863, 109.575, 109.472, 109.542, 15, 19, 1
1461274864, 109.582, 109.459, 109.548, 43, 24, 45
1461274865, 109.543, 109.427, 109.569, 51, 8, 34
1461274866, 109.57, 109.426, 109.545, 35, 54, 51
1461274867, 109.572, 109.431, 109.53, 40, 26, 36
1461274868, 109.544, 109.431, 109.557, 17, 7, 47
1461274869, 109.525, 109.421, 109.521, 21, 35, 1
1461274870, 109.552, 109.444, 109.501, 26, 21, 41
1461274871, 109.558, 109.439, 109.481, 43, 42, 11
1461274872, 109.546, 109.436, 109.488, 28, 25, 44
1461274873, 109.536, 109.436, 109.481, 42, 51, 64
1461274874, 109.554, 109.44, 109.51, 36, 22, 68
1461274875, 109.585, 109.462, 109.503, 19, 1, 42
1461274876, 109.583, 109.469, 109.492, 44, 41, 55
1461274877, 109.558, 109.486, 109.501, 35, 8, 60
1461274878, 109.59, 109.484, 109.507, 53, 56, 28
1461274879, 109.579, 109.509, 109.498, 66, 37, 44
1461274880, 109.551, 109.531, 109.498, 77, 64, 46
1461274881, 109.534, 109.502, 109.482, 33, 53, 46
1461274882, 109.553, 109.462, 109.493, 39, 38, 81
1461274883, 109.566, 109.478, 109.513, 67, 34, 46
1461274884, 109.556, 109.491, 109.511, 34, 70, 1
1461274885, 109.567, 109.499, 109.497, 29, 32, 57
1461274886, 109.578, 109.493, 109.497, 74, 74, 37
1461274887, 109.559, 109.515, 109.523, 67, 1, 28
1461274888, 109.563, 109.519, 109.506, 38, 34, 24
1461274889, 109.558, 109.5, 109.499, 54, 32, 44
1461274890, 109.582, 109.472, 109.492, 37, 29, 19
1461274891, 109.575, 109.477, 109.515, 60, 65, 40
1461274892, 109.574, 109.459, 109.536, 22, 56, 3
1461274893, 109.584, 109.473, 109.517, 53, 63, 30
1461274894, 109.566, 109.484, 109.523, 8, 30, 22
1461274895, 109.559, 109.499, 109.518, 54, 36, 94
1461274896, 109.559, 109.479, 109.521, 64, 30, 104
1461274897, 109.594, 109.479, 109.508, 33, 48, 22
1461274898, 109.612, 109.467, 109.471, 20, 39, 27
1461274899, 109.624, 109.509, 109.452, 50, 38, 27
1461274900, 109.619, 109.521, 109.471, 11, 27, 30
1461274901, 109.654, 109.537, 109.475, 44, 83, 1
1461274902, 109.661, 109.534, 109.491, 67, 38, 40
1461274903, 109.662, 109.544, 109.517, 44, 47, 33
1461274904, 109.632, 109.535, 109.52, 15, 37, 1
1461274905, 109.629, 109.549, 109.532, 27, 82, 23
1461274906, 109.65, 109.576, 109.512, 42, 51, 44
1461274907, 109.645, 109.606, 109.496, 58, 32, 43
1461274908, 109.613, 109.602, 109.493, 33, 37, 62
1461274909, 109.6, 109.566, 109.509, 1, 38, 4
1461274910, 109.584, 109.527, 109.49, 10, 18, 16
1461274911, 109.556, 109.561, 109.473, 19, 93, 6
1461274912, 109.547, 109.548, 109.461, 21, 14, 36
1461274913, 109.571, 109.543, 109.487, 39, 1, 16
1461274914, 109.556, 109.524, 109.504, 62, 22, 22
1461274915, 109.556, 109.512, 109.509, 40, 10, 32
1461274916, 109.577, 109.535, 109.507, 10, 11, 15
1461274917, 109.558, 109.555, 109.487, 34, 47, 18
1461274918, 109.591, 109.544, 109.495, 61, 47, 69
1461274919, 109.598, 109.542, 109.473, 1, 0, 13
1461274920, 109.635, 109.549, 109.456, 1, 43, 38
1461274921, 109.654, 109.544, 109.46, 58, 21, 27
1461274922, 109.67, 109.548, 109.428, 42, 29, 71
1461274923, 109.67, 109.537, 109.428, 3, 58, 8
1461274924, 109.662, 109.559, 109.432, 9, 66, 21
1461274925, 109.645, 109.561, 109.449, 35, 1, 18
1461274926, 109.643, 109.551, 109.431, 17, 37, 33
1461274927, 109.642, 109.546, 109.43, 38, 6, 24
1461274928, 109.614, 109.562, 109.447, 10, 46, 20
1461274929, 109.613, 109.578, 109.474, 53, 33, 24
1461274930, 109.589, 109.574, 109.477, 36, 13, 18
1461274931, 109.588, 109.579, 109.492, 16, 46, 29
1461274932, 109.621, 109.588, 109.482, 24, 51, 5
1461274933, 109.621, 109.607, 109.481, 40, 26, 25
1461274934, 109.613, 109.603, 109.451, 37, 56, 24
1461274935, 109.601, 109.601, 109.478, 45, 55, 40
1461274936, 109.6, 109.6, 109.488, 42, 44, 76
1461274937, 109.609, 109.584, 109.478, 41, 49, 31
1461274938, 109.644, 109.603, 109.465, 39, 56, 21
1461274939, 109.635, 109.597, 109.438, 38, 6, 27
1461274940, 109.627, 109.596, 109.421, 19, 29, 49
1461274941, 109.647, 109.611, 109.429, 27, 74, 17
1461274942, 109.643, 109.629, 109.451, 37, 56, 54
1461274943, 109.651, 109.621, 109.451, 30, 58, 54
1461274944, 109.667, 109.607, 109.467, 44, 50, 28
1461274945, 109.674, 109.609, 109.469, 34, 51, 20
1461274946, 109.659, 109.632, 109.477, 35, 35, 67
1461274947, 109.654, 109.591, 109.467, 1, 26, 1
1461274948, 109.679, 109.601, 109.464, 57, 19, 48
1461274949, 109.673, 109.609, 109.442, 23, 28, 39
1461274950, 109.662, 109.62, 109.44, 24, 44, 38
1461274951, 109.669, 109.623, 109.453, 25, 39, 44
1461274952, 109.664, 109.635, 109.399, 34, 51, 30
1461274953, 109.729, 109.646, 109.398, 39, 19, 1
1461274954, 109.711, 109.643, 109.413, 45, 63, 35
1461274955, 109.714, 109.655, 109.408, 27, 29, 24
1461274956, 109.708, 109.644, 109.416, 32, 33, 63
1461274957, 109.684, 109.661, 109.41, 62, 5, 54
1461274958, 109.682, 109.692, 109.381, 66, 32, 7
1461274959, 109.689, 109.682, 109.387, 78, 37, 45
1461274960, 109.652, 109.708, 109.426, 36, 13, 56
1461274961, 109.642, 109.721, 109.397, 5, 64, 45
1461274962, 109.614, 109.734, 109.368, 59, 1, 60
1461274963, 109.619, 109.723, 109.369, 90, 31, 28
1461274964, 109.628, 109.711, 109.371, 9, 48, 16
1461274965, 109.614, 109.74, 109.368, 57, 18, 8
1461274966, 109.646, 109.708, 109.369, 73, 14, 54
1461274967, 109.658, 109.68, 109.363, 33, 22, 14
1461274968, 109.691, 109.664, 109.393, 19, 51, 49
1461274969, 109.708, 109.642, 109.366, 1, 42, 67
1461274970, 109.714, 109.661, 109.357, 10, 21, 49
1461274971, 109.698, 109.654, 109.4, 20, 24, 7
1461274972, 109.739, 109.63, 109.392, 37, 43, 27
1461274973, 109.73, 109.649, 109.393, 37, 73, 8
1461274974, 109.716, 109.666, 109.392, 4, 52, 37
1461274975, 109.718, 109.694, 109.376, 29, 1, 24
1461274976, 109.742, 109.699, 109.383, 34, 59, 30
1461274977, 109.713, 109.678, 109.37, 34, 16, 27
1461274978, 109.706, 109.638, 109.37, 52, 36, 47
1461274979, 109.709, 109.682, 109.373, 56, 35, 4
1461274980, 109.721, 109.667, 109.343, 44, 62, 48
1461274981, 109.675, 109.692, 109.335, 1, 65, 11
1461274982, 109.66, 109.709, 109.359, 14, 53, 14
1461274983, 109.614, 109.707, 109.34, 63, 62, 79
1461274984, 109.659, 109.728, 109.308, 45, 8, 55
1461274985, 109.657, 109.728, 109.328, 46, 3, 27
1461274986, 109.641, 109.71, 109.324, 27, 47, 36
1461274987, 109.632, 109.664, 109.343, 60, 33, 43
1461274988, 109.637, 109.648, 109.367, 37, 66, 45
1461274989, 109.59, 109.642, 109.356, 1, 33, 56
1461274990, 109.59, 109.676, 109.342, 23, 23, 40
1461274991, 109.585, 109.678, 109.342, 1, 46, 60
1461274992, 109.621, 109.671, 109.324, 23, 0, 44
1461274993, 109.614, 109.673, 109.344, 24, 20, 55
1461274994, 109.655, 109.707, 109.322, 6, 49, 67
1461274995, 109.658, 109.682, 109.304, 1, 39, 31
1461274996, 109.679, 109.686, 109.264, 29, 45, 1
1461274997, 109.696, 109.724, 109.268, 28, 43, 1
1461274998, 109.692, 109.704, 109.286, 46, 73, 14
1461274999, 109.688, 109.747, 109.262, 65, 38, 81
1461275000, 109.674, 109.771, 109.283, 38, 46, 44
1461275001, 109.653, 109.757, 109.296, 39, 54, 5
1461275002, 109.635, 109.776, 109.304, 37, 5, 53
1461275003, 109.623, 109.813, 109.324, 18, 1, 46
1461275004, 109.635, 109.828, 109.335, 33, 36, 41
1461275005, 109.651, 109.837, 109.329, 9, 58, 18
1461275006, 109.655, 109.838, 109.313, 60, 62, 43
1461275007, 109.655, 109.821, 109.3, 1, 65, 9
1461275008, 109.65, 109.831, 109.316, 9, 37, 1
1461275009, 109.671, 109.831, 109.313, 50, 19, 17
1461275010, 109.664, 109.825, 109.323, 1, 55, 34
1461275011, 109.655, 109.847, 109.344, 21, 12, 47
1461275012, 109.676, 109.858, 109.347, 22, 35, 16
1461275013, 109.661, 109.845, 109.369, 54, 26, 44
1461275014, 109.667, 109.828, 109.387, 43, 50, 40
1461275015, 109.666, 109.825, 109.387, 42, 20, 23
1461275016, 109.651, 109.834, 109.377, 27, 30, 41
1461275017, 109.666, 109.824, 109.366, 14, 9, 35
1461275018, 109.683, 109.819, 109.333, 24, 10, 46
1461275019, 109.679, 109.818, 109.336, 47, 62, 32
1461275020, 109.644, 109.784, 109.343, 32, 58, 56
1461275021, 109.638, 109.754, 109.335, 35, 13, 44
1461275022, 109.663, 109.764, 109.339, 14, 54, 1
1461275023, 109.68, 109.766, 109.384, 96, 36, 55
1461275024, 109.675, 109.749, 109.343, 67, 34, 79
1461275025, 109.67, 109.788, 109.342, 67, 38, 1
1461275026, 109.693, 109.774, 109.31, 25, 65, 82
1461275027, 109.71, 109.778, 109.309, 22, 29, 54
1461275028, 109.699, 109.763, 109.275, 24, 43, 26
1461275029, 109.684, 109.753, 109.271, 36, 26, 23
1461275030, 109.68, 109.742, 109.271, 59, 12, 62
1461275031, 109.671, 109.776, 109.285, 61, 30, 40
1461275032, 109.659, 109.765, 109.29, 59, 41, 1
1461275033, 109.654, 109.747, 109.278, 54, 32, 40
1461275034, 109.669, 109.734, 109.28, 33, 1, 43
1461275035, 109.697, 109.72, 109.297, 14, 40, 32
1461275036, 109.676, 109.691, 109.304, 2, 7, 72
1461275037, 109.663, 109.7, 109.305, 40, 27, 78
1461275038, 109.68, 109.7, 109.302, 70, 39, 40
1461275039, 109.648, 109.709, 109.311, 30, 29, 49
1461275040, 109.624, 109.722, 109.322, 19, 56, 61
1461275041, 109.604, 109.733, 109.322, 37, 42, 24
1461275042, 109.598, 109.712, 109.288, 45, 40, 19
1461275043, 109.596, 109.733, 109.3, 23, 16, 35
1461275044, 109.604, 109.748, 109.323, 51, 55, 10
1461275045, 109.568, 109.747, 109.32, 30, 55, 1
1461275046, 109.554, 109.751, 109.322, 20, 37, 85
1461275047, 109.515, 109.762, 109.317, 29, 43, 37
1461275048, 109.5, 109.777, 109.319, 45, 59, 41
1461275049, 109.487, 109.785, 109.304, 19, 58, 84
1461275050, 109.482, 109.78, 109.299, 34, 20, 22
1461275051, 109.51, 109.804, 109.273, 37, 11, 17
1461275052, 109.533, 109.813, 109.28, 47, 21, 42
1461275053, 109.516, 109.807, 109.282, 1, 27, 16
1461275054, 109.515, 109.829, 109.269, 30, 27, 50
1461275055, 109.538, 109.801, 109.265, 19, 1, 83
1461275056, 109.512, 109.817, 109.281, 16, 41, 68
1461275057, 109.51, 109.787, 109.282, 60, 1, 13
1461275058, 109.532, 109.794, 109.282, 1, 55, 29
1461275059, 109.516, 109.825, 109.312, 74, 47, 9
1461275060, 109.521, 109.822, 109.297, 57, 32, 35
1461275061, 109.535, 109.851, 109.308, 50, 51, 29
1461275062, 109.505, 109.865, 109.313, 47, 53, 12
1461275063, 109.524, 109.849, 109.305, 62, 59, 81
1461275064, 109.525, 109.851, 109.318, 58, 1, 64
1461275065, 109.505, 109.872, 109.311, 45, 21, 58
1461275066, 109.475, 109.869, 109.29, 29, 0, 19
1461275067, 109.472, 109.866, 109.288, 6, 60, 82
1461275068, 109.45, 109.858, 109.266, 32, 50, 36
1461275069, 109.439, 109.873, 109.234, 49, 16, 36
1461275070, 109.418, 109.856, 109.217, 34, 40, 54
1461275071, 109.438, 109.841, 109.214, 47, 43, 39
1461275072, 109.46, 109.827, 109.196, 52, 63, 24
1461275073, 109.473, 109.804, 109.222, 24, 60, 25
1461275074, 109.433, 109.795, 109.214, 17, 62, 39
1461275075, 109.437, 109.786, 109.207, 57, 46, 51
1461275076, 109.433, 109.783, 109.186, 92, 52, 42
1461275077, 109.454, 109.77, 109.173, 10, 31, 6
1461275078, 109.453, 109.768, 109.184, 1, 28, 35
1461275079, 109.461, 109.744, 109.185, 43, 43, 77
1461275080, 109.464, 109.776, 109.198, 22, 16, 43
1461275081, 109.468, 109.748, 109.205, 30, 23, 60
1461275082, 109.455, 109.755, 109.205, 7, 19, 44
1461275083, 109.422, 109.713, 109.236, 53, 19, 27
1461275084, 109.427, 109.692, 109.239, 28, 56, 10
1461275085, 109.46, 109.688, 109.242, 1, 27, 58
1461275086, 109.506, 109.681, 109.248, 45, 65, 29
1461275087, 109.489, 109.687, 109.262, 70, 24, 35
1461275088, 109.482, 109.67, 109.236, 42, 124, 19
1461275089, 109.455, 109.666, 109.227, 44, 22, 26
1461275090, 109.455, 109.67, 109.21, 33, 47, 48
1461275091, 109.441, 109.655, 109.209, 34, 21, 52
1461275092, 109.444, 109.665, 109.193, 59, 66, 35
1461275093, 109.476, 109.655, 109.205, 40, 41, 25
1461275094, 109.466, 109.644, 109.231, 70, 57, 44
1461275095, 109.46, 109.666, 109.222, 0, 27, 59
1461275096, 109.481, 109.66, 109.219, 53, 6, 13
1461275097, 109.496, 109.644, 109.238, 13, 36, 80
1461275098, 109.509, 109.613, 109.233, 49, 85, 36
1461275099, 109.524, 109.609, 109.217, 33, 31, 23
1461275100, 109.524, 109.634, 109.196, 60, 77, 2
1461275101, 109.495, 109.657, 109.176, 32, 14, 50
1461275102, 109.497, 109.643, 109.137, 18, 18, 46
1461275103, 109.49, 109.649, 109.114, 12, 47, 49
1461275104, 109.491, 109.642, 109.163, 33, 21, 29
1461275105, 109.492, 109.641, 109.173, 26, 31, 76
1461275106, 109.507, 109.645, 109.167, 53, 12, 21
1461275107, 109.502, 109.634, 109.165, 51, 1, 73
1461275108, 109.528, 109.644, 109.151, 43, 21, 1
1461275109, 109.556, 109.615, 109.158, 51, 39, 48
1461275110, 109.55, 109.601, 109.136, 42, 51, 45
1461275111, 109.556, 109.613, 109.13, 74, 27, 38
1461275112, 109.542, 109.585, 109.132, 27, 58, 37
1461275113, 109.535, 109.565, 109.152, 41, 1, 36
1461275114, 109.542, 109.569, 109.125, 14, 36, 28
1461275115, 109.533, 109.564, 109.15, 28, 30, 22
1461275116, 109.509, 109.562, 109.136, 55, 28, 35
1461275117, 109.517, 109.576, 109.096, 17, 48, 1
1461275118, 109.545, 109.564, 109.107, 61, 21, 7
1461275119, 109.578, 109.581, 109.122, 54, 71, 52
1461275120, 109.563, 109.579, 109.124, 48, 6, 64
1461275121, 109.565, 109.574, 109.122, 59, 13, 101
1461275122, 109.521, 109.55, 109.116, 18, 72, 71
1461275123, 109.518, 109.549, 109.118, 34, 42, 54
1461275124, 109.532, 109.559, 109.114, 73, 9, 56
1461275125, 109.549, 109.54, 109.13, 58, 36, 27
1461275126, 109.558, 109.55, 109.103, 13, 46, 22
1461275127, 109.57, 109.566, 109.094, 45, 28, 47
1461275128, 109.575, 109.567, 109.12, 25, 64, 47
1461275129, 109.575, 109.558, 109.1, 70, 31, 41
1461275130, 109.584, 109.575, 109.091, 77, 57, 12
1461275131, 109.548, 109.565, 109.083, 6, 8, 36
1461275132, 109.546, 109.573, 109.084, 25, 9, 54
1461275133, 109.517, 109.59, 109.077, 29, 31, 35
1461275134, 109.527, 109.593, 109.061, 46, 49, 53
1461275135, 109.569, 109.58, 109.088, 73, 83, 23
1461275136, 109.584, 109.56, 109.041, 17, 70, 69
1461275137, 109.573, 109.568, 109.038, 12, 46, 16
1461275138, 109.558, 109.559, 109.05, 86, 55, 40
1461275139, 109.546, 109.562, 109.07, 51, 31, 39
1461275140, 109.561, 109.57, 109.088, 22, 19, 72
1461275141, 109.568, 109.588, 109.077, 47, 58, 49
1461275142, 109.573, 109.58, 109.057, 45, 29, 64
1461275143, 109.578, 109.569, 109.042, 56, 19, 15
1461275144, 109.583, 109.589, 109.031, 37, 74, 43
1461275145, 109.586, 109.599, 109.034, 28, 57, 48
1461275146, 109.583, 109.596, 109.044, 46, 46, 19
1461275147, 109.597, 109.577, 109.05, 48, 61, 40
1461275148, 109.638, 109.562, 109.036, 46, 43, 20
1461275149, 109.62, 109.552, 109.025, 27, 73, 47
1461275150, 109.612, 109.527, 109.01, 11, 29, 1
1461275151, 109.616, 109.546, 109.002, 14, 67, 30
1461275152, 109.61, 109.537, 109.004, 10, 9, 42
1461275153, 109.605, 109.557, 109.011, 18, 31, 32
1461275154, 109.609, 109.597, 109.012, 9, 34, 31
1461275155, 109.608, 109.586, 109.034, 31, 31, 7
1461275156, 109.591, 109.578, 109.027, 18, 26, 48
1461275157, 109.555, 109.568, 109.027, 21, 32, 50
1461275158, 109.562, 109.583, 109.016, 24, 16, 2
1461275159, 109.558, 109.562, 109.035, 36, 14, 10
1461275160, 109.577, 109.55, 109.046, 1, 27, 10
1461275161, 109.603, 109.534, 109.065, 64, 34, 17
1461275162, 109.592, 109.535, 109.061, 81, 18, 40
1461275163, 109.606, 109.579, 109.058, 19, 20, 34
1461275164, 109.587, 109.584, 109.061, 42, 18, 48
1461275165, 109.572, 109.591, 109.042, 35, 10, 46
1461275166, 109.565, 109.597, 109.052, 37, 48, 1
1461275167, 109.558, 109.597, 109.054, 46, 70, 50
1461275168, 109.55, 109.58, 109.08, 52, 11, 17
1461275169, 109.568, 109.588, 109.083, 27, 1, 22
1461275170, 109.572, 109.588, 109.11, 39, 40, 28
1461275171, 109.587, 109.6, 109.114, 2, 64, 18
1461275172, 109.601, 109.579, 109.118, 20, 18, 31
1461275173, 109.597, 109.562, 109.142, 26, 40, 66
1461275174, 109.578, 109.54, 109.15, 46, 23, 26
1461275175, 109.57, 109.535, 109.186, 44, 37, 26
1461275176, 109.542, 109.515, 109.181, 58, 29, 8
1461275177, 109.536, 109.543, 109.173, 38, 41, 27
1461275178, 109.531, 109.546, 109.167, 22, 52, 1
1461275179, 109.501, 109.56, 109.193, 27, 23, 18
1461275180, 109.502, 109.541, 109.192, 11, 26, 45
1461275181, 109.536, 109.525, 109.173, 20, 12, 63
1461275182, 109.542, 109.534, 109.157, 42, 19, 38
1461275183, 109.528, 109.528, 109.158, 18, 36, 28
1461275184, 109.546, 109.523, 109.135, 52, 28, 54
1461275185, 109.562, 109.547, 109.122, 11, 14, 22
1461275186, 109.554, 109.572, 109.11, 0, 8, 47
1461275187, 109.542, 109.569, 109.104, 27, 40, 32
1461275188, 109.533, 109.588, 109.097, 13, 47, 36
1461275189, 109.531, 109.596, 109.152, 15, 55, 1
1461275190, 109.553, 109.596, 109.147, 34, 36, 18
1461275191, 109.581, 109.552, 109.141, 55, 57, 60
1461275192, 109.582, 109.507, 109.108, 46, 54, 15
1461275193, 109.575, 109.519, 109.128, 35, 63, 72
1461275194, 109.594, 109.523, 109.147, 4, 41, 22
1461275195, 109.617, 109.516, 109.142, 1, 7, 1
1461275196, 109.593, 109.507, 109.165, 40, 31, 11
1461275197, 109.606, 109.504, 109.169, 37, 66, 23
1461275198, 109.626, 109.479, 109.153, 17, 56, 6
1461275199, 109.6, 109.471, 109.152, 1, 89, 67
1461275200, 109.598, 109.448, 109.134, 32, 33, 74
1461275201, 109.594, 109.459, 109.143, 5, 49, 56
1461275202, 109.605, 109.431, 109.139, 44, 30, 52
1461275203, 109.619, 109.442, 109.147, 60, 29, 16
1461275204, 109.596, 109.452, 109.153, 59, 60, 70
1461275205, 109.598, 109.43, 109.138, 55, 38, 27
1461275206, 109.607, 109.397, 109.157, 17, 57, 44
1461275207, 109.619, 109.398, 109.143, 40, 25, 27
1461275208, 109.628, 109.416, 109.155, 14, 25, 11
1461275209, 109.619, 109.411, 109.156, 31, 16, 30
1461275210, 109.61, 109.408, 109.145, 47, 67, 37
1461275211, 109.577, 109.389, 109.128, 47, 50, 6
1461275212, 109.596, 109.356, 109.13, 15, 1, 38
1461275213, 109.586, 109.365, 109.108, 22, 38, 28
1461275214, 109.602, 109.373, 109.102, 7, 56, 35
1461275215, 109.602, 109.364, 109.115, 24, 64, 57
1461275216, 109.62, 109.355, 109.125, 19, 9, 69
1461275217, 109.626, 109.388, 109.125, 37, 37, 58
1461275218, 109.65, 109.377, 109.106, 82, 43, 49
1461275219, 109.647, 109.377, 109.116, 64, 8, 14
1461275220, 109.619, 109.359, 109.153, 14, 22, 1
1461275221, 109.631, 109.391, 109.147, 58, 25, 54
1461275222, 109.653, 109.417, 109.136, 8, 7, 44
1461275223, 109.623, 109.403, 109.158, 45, 29, 35
1461275224, 109.628, 109.416, 109.16, 42, 1, 10
1461275225, 109.627, 109.426, 109.167, 38, 61, 49
1461275226, 109.609, 109.425, 109.158, 33, 19, 24
1461275227, 109.647, 109.448, 109.167, 76, 53, 19
1461275228, 109.646, 109.429, 109.148, 28, 60, 5
1461275229, 109.649, 109.445, 109.157, 24, 46, 40
1461275230, 109.629, 109.435, 109.142, 3, 46, 31
1461275231, 109.635, 109.453, 109.143, 47, 75, 47
1461275232, 109.633, 109.446, 109.13, 4, 61, 43
1461275233, 109.619, 109.432, 109.162, 24, 78, 22
1461275234, 109.612, 109.451, 109.138, 69, 8, 24
1461275235, 109.616, 109.44, 109.124, 34, 5, 46
1461275236, 109.62, 109.434, 109.111, 39, 76, 54
1461275237, 109.611, 109.437, 109.127, 40, 11, 47
1461275238, 109.641, 109.444, 109.133, 3, 30, 1
1461275239, 109.651, 109.453, 109.132, 65, 5, 7
1461275240, 109.659, 109.432, 109.15, 41, 48, 25
1461275241, 109.649, 109.439, 109.142, 67, 15, 75
1461275242, 109.651, 109.439, 109.149, 39, 49, 18
1461275243, 109.647, 109.49, 109.142, 47, 59, 49
1461275244, 109.635, 109.488, 109.121, 39, 20, 29
1461275245, 109.608, 109.504, 109.139, 73, 23, 13
1461275246, 109.616, 109.521, 109.137, 63, 41, 16
1461275247, 109.617, 109.53, 109.133, 18, 15, 58
1461275248, 109.6, 109.516, 109.127, 33, 23, 31
1461275249, 109.58, 109.531, 109.127, 14, 34, 59
1461275250, 109.597, 109.527, 109.125, 24, 69, 45
1461275251, 109.616, 109.541, 109.089, 49, 32, 55
1461275252, 109.618, 109.543, 109.1, 40, 37, 1
1461275253, 109.644, 109.531, 109.077, 16, 1, 48
1461275254, 109.632, 109.523, 109.046, 1, 34, 31
1461275255, 109.616, 109.506, 109.079, 61, 20, 39
1461275256, 109.607, 109.498, 109.086, 28, 50, 57
1461275257, 109.613, 109.47, 109.081, 56, 1, 12
1461275258, 109.605, 109.458, 109.073, 28, 13, 73
1461275259, 109.632, 109.462, 109.066, 33, 10, 42
1461275260, 109.631, 109.479, 109.067, 6, 42, 18
1461275261, 109.595, 109.481, 109.072, 1, 24, 28
1461275262, 109.59, 109.487, 109.051, 26, 47, 1
1461275263, 109.576, 109.507, 109.071, 43, 73, 18
1461275264, 109.568, 109.504, 109.064, 24, 49, 35
1461275265, 109.581, 109.481, 109.091, 46, 18, 61
1461275266, 109.577, 109.491, 109.064, 63, 37, 14
1461275267, 109.582, 109.516, 109.04, 34, 37, 52
1461275268, 109.586, 109.502, 109.065, 16, 34, 46
1461275269, 109.58, 109.499, 109.101, 1, 24, 45
1461275270, 109.58, 109.543, 109.092, 37, 53, 52
1461275271, 109.601, 109.535, 109.08, 73, 29, 35
1461275272, 109.606, 109.529, 109.072, 67, 64, 42
1461275273, 109.6, 109.519, 109.055, 12, 45, 31
1461275274, 109.608, 109.525, 109.044, 1, 68, 1
1461275275, 109.606, 109.537, 109.044, 54, 41, 36
1461275276, 109.602, 109.545, 109.046, 54, 55, 31
1461275277, 109.635, 109.524, 109.026, 16, 42, 22
1461275278, 109.645, 109.518, 108.989, 24, 54, 57
1461275279, 109.625, 109.55, 108.999, 30, 9, 27
1461275280, 109.621, 109.533, 108.961, 38, 36, 36
1461275281, 109.614, 109.514, 108.975, 11, 36, 57
1461275282, 109.623, 109.504, 108.995, 27, 33, 2
1461275283, 109.6, 109.504, 109.017, 79, 38, 56
1461275284, 109.597, 109.526, 109.019, 21, 31, 38
1461275285, 109.614, 109.51, 109.013, 14, 19, 16
1461275286, 109.614, 109.513, 108.995, 37, 48, 31
1461275287, 109.617, 109.504, 109.001, 19, 60, 24
1461275288, 109.606, 109.517, 109.004, 19, 22, 46
1461275289, 109.586, 109.532, 109.02, 22, 77, 54
1461275290, 109.57, 109.547, 109.012, 13, 28, 5
1461275291, 109.593, 109.56, 108.995, 9, 30, 38
1461275292, 109.617, 109.566, 108.978, 43, 28, 27
1461275293, 109.622, 109.544, 108.986, 25, 52, 40
1461275294, 109.608, 109.532, 108.961, 31, 25, 22
1461275295, 109.614, 109.533, 108.956, 54, 69, 40
1461275296, 109.627, 109.523, 108.95, 47, 83, 31
1461275297, 109.638, 109.521, 108.944, 59, 18, 29
1461275298, 109.617, 109.534, 108.947, 1, 1, 57
1461275299, 109.606, 109.542, 108.938, 28, 52, 18
1461275300, 109.622, 109.558, 108.918, 13, 11, 41
1461275301, 109.606, 109.556, 108.892, 48, 64, 21
1461275302, 109.592, 109.591, 108.897, 66, 28, 46
1461275303, 109.634, 109.579, 108.915, 37, 40, 59
1461275304, 109.617, 109.593, 108.953, 26, 32, 30
1461275305, 109.603, 109.596, 108.965, 66, 4, 9
1461275306, 109.599, 109.595, 108.929, 42, 34, 21
1461275307, 109.582, 109.596, 108.919, 56, 19, 36
1461275308, 109.624, 109.554, 108.94, 1, 28, 51
1461275309, 109.635, 109.568, 108.939, 31, 32, 53
1461275310, 109.612, 109.58, 108.945, 5, 25, 37
1461275311, 109.596, 109.586, 108.976, 38, 21, 43
1461275312, 109.602, 109.579, 108.989, 19, 25, 54
1461275313, 109.584, 109.588, 109.017, 20, 25, 43
1461275314, 109.578, 109.616, 109.027, 5, 36, 28
1461275315, 109.581, 109.603, 109.035, 15, 43, 53
1461275316, 109.611, 109.602, 109.05, 31, 21, 8
1461275317, 109.629, 109.63, 109.031, 23, 22, 38
1461275318, 109.647, 109.636, 109.03, 36, 10, 46
1461275319, 109.658, 109.623, 109.057, 43, 27, 56
1461275320, 109.643, 109.616, 109.07, 39, 18, 21
1461275321, 109.639, 109.643, 109.069, 31, 55, 33
1461275322, 109.618, 109.676, 109.071, 53, 64, 20
1461275323, 109.625, 109.618, 109.096, 1, 39, 22
1461275324, 109.617, 109.622, 109.091, 23, 64, 37
1461275325, 109.584, 109.603, 109.081, 0, 38, 50
1461275326, 109.602, 109.626, 109.088, 72, 42, 39
1461275327, 109.575, 109.631, 109.094, 30, 11, 41
1461275328, 109.611, 109.66, 109.093, 46, 33, 80
1461275329, 109.609, 109.68, 109.088, 14, 16, 41
1461275330, 109.601, 109.681, 109.102, 22, 23, 52
1461275331, 109.589, 109.684, 109.066, 19, 62, 43
1461275332, 109.574, 109.685, 109.058, 29, 37, 17
1461275333, 109.556, 109.664, 109.035, 32, 18, 37
1461275334, 109.555, 109.636, 109.02, 20, 19, 53
1461275335, 109.563, 109.618, 109.018, 54, 1, 54
1461275336, 109.553, 109.625, 109.008, 38, 47, 61
1461275337, 109.527, 109.641, 109.017, 32, 50, 41
1461275338, 109.549, 109.61, 109.014, 18, 62, 60
1461275339, 109.512, 109.564, 108.954, 79, 30, 30
1461275340, 109.563, 109.554, 108.943, 58, 22, 11
1461275341, 109.553, 109.577, 108.885, 25, 47, 1
1461275342, 109.548, 109.576, 108.889, 49, 2, 64
1461275343, 109.529, 109.541, 108.929, 66, 58, 41
1461275344, 109.51, 109.494, 108.962, 35, 1, 69
1461275345, 109.511, 109.486, 108.952, 2, 29, 42
1461275346, 109.513, 109.476, 108.972, 19, 22, 28
1461275347, 109.517, 109.468, 108.954, 20, 18, 1
1461275348, 109.513, 109.491, 108.979, 42, 22, 31
1461275349, 109.487, 109.509, 108.986, 30, 27, 25
1461275350, 109.501, 109.52, 108.969, 9, 56, 10
1461275351, 109.492, 109.495, 108.972, 40, 54, 1
1461275352, 109.465, 109.472, 108.961, 43, 49, 17
1461275353, 109.481, 109.451, 108.952, 36, 1, 57
1461275354, 109.475, 109.441, 108.954, 67, 67, 1
1461275355, 109.449, 109.434, 108.942, 30, 29, 28
1461275356, 109.444, 109.468, 108.983, 51, 34, 20
1461275357, 109.458, 109.446, 109.004, 23, 5, 24
1461275358, 109.477, 109.455, 108.992, 29, 52, 3
1461275359, 109.483, 109.475, 108.992, 86, 23, 46
1461275360, 109.464, 109.525, 108.987, 31, 69, 28
1461275361, 109.495, 109.527, 108.985, 53, 1, 57
1461275362, 109.49, 109.519, 108.945, 17, 4, 46
1461275363, 109.477, 109.507, 108.953, 3, 20, 61
1461275364, 109.493, 109.545, 108.953, 5, 1, 26
1461275365, 109.482, 109.497, 108.93, 17, 85, 34
1461275366, 109.485, 109.458, 108.935, 10, 37, 31
1461275367, 109.519, 109.462, 108.942, 1, 1, 41
1461275368, 109.529, 109.477, 108.928, 45, 52, 1
1461275369, 109.521, 109.483, 108.91, 53, 42, 82
1461275370, 109.506, 109.478, 108.894, 41, 10, 1
1461275371, 109.531, 109.467, 108.92, 60, 24, 1
1461275372, 109.509, 109.469, 108.951, 62, 21, 1
1461275373, 109.511, 109.47, 108.938, 46, 74, 13
1461275374, 109.513, 109.474, 108.944, 1, 37, 39
1461275375, 109.505, 109.473, 108.968, 21, 54, 55
1461275376, 109.49, 109.49, 108.979, 64, 9, 19
1461275377, 109.489, 109.509, 109.016, 34, 33, 11
1461275378, 109.514, 109.493, 109.03, 33, 72, 49
1461275379, 109.513, 109.488, 109.049, 57, 54, 46
1461275380, 109.534, 109.491, 109.042, 51, 13, 33
1461275381, 109.546, 109.487, 109.044, 36, 22, 41
1461275382, 109.523, 109.47, 109.023, 18, 58, 24
1461275383, 109.542, 109.445, 109.031, 19, 10, 1
1461275384, 109.546, 109.454, 109.06, 79, 64, 79
1461275385, 109.533, 109.423, 109.088, 49, 42, 33
1461275386, 109.515, 109.429, 109.082, 21, 45, 1
1461275387, 109.542, 109.409, 109.064, 35, 36, 36
1461275388, 109.521, 109.406, 109.053, 7, 0, 35
1461275389, 109.527, 109.43, 109.059, 43, 44, 75
1461275390, 109.517, 109.415, 109.037, 8, 12, 46
1461275391, 109.511, 109.401, 109.021, 64, 8, 40
1461275392, 109.524, 109.38, 109.024, 26, 50, 41
1461275393, 109.534, 109.342, 108.998, 25, 35, 27
1461275394, 109.526, 109.357, 108.996, 47, 32, 42
1461275395, 109.529, 109.386, 108.995, 55, 46, 1
1461275396, 109.529, 109.41, 108.997, 42, 46, 28
1461275397, 109.535, 109.405, 108.97, 30, 1, 45
1461275398, 109.527, 109.393, 108.969, 6, 41, 26
1461275399, 109.553, 109.383, 108.966, 33, 43, 62
1461275400, 109.573, 109.393, 108.941, 42, 50, 45
1461275401, 109.581, 109.398, 108.905, 45, 32, 30
1461275402, 109.593, 109.379, 108.902, 25, 77, 50
1461275403, 109.582, 109.386, 108.889, 36, 16, 22
1461275404, 109.587, 109.396, 108.86, 52, 33, 14
1461275405, 109.617, 109.414, 108.842, 31, 24, 20
1461275406, 109.623, 109.424, 108.832, 33, 24, 36
1461275407, 109.622, 109.421, 108.83, 53, 31, 70
1461275408, 109.621, 109.413, 108.841, 16, 11, 35
1461275409, 109.594, 109.397, 108.863, 5, 54, 47
1461275410, 109.581, 109.41, 108.891, 55, 58, 23
1461275411, 109.604, 109.426, 108.89, 49, 40, 3
1461275412, 109.576, 109.418, 108.87, 37, 42, 47
1461275413, 109.595, 109.406, 108.872, 45, 24, 46
1461275414, 109.599, 109.416, 108.868, 24, 41, 13
1461275415, 109.615, 109.429, 108.867, 58, 33, 38
1461275416, 109.591, 109.43, 108.876, 24, 24, 9
1461275417, 109.598, 109.418, 108.873, 34, 27, 45
1461275418, 109.608, 109.415, 108.837, 1, 42, 34
1461275419, 109.571, 109.428, 108.85, 44, 25, 38
1461275420, 109.59, 109.446, 108.842, 18, 1, 39
1461275421, 109.582, 109.443, 108.817, 49, 9, 43
1461275422, 109.58, 109.412, 108.798, 15, 38, 40
1461275423, 109.579, 109.412, 108.808, 41, 4, 41
1461275424, 109.587, 109.389, 108.795, 16, 37, 26
1461275425, 109.624, 109.387, 108.765, 33, 12, 22
1461275426, 109.609, 109.371, 108.745, 12, 55, 50
1461275427, 109.611, 109.38, 108.738, 42, 31, 35
1461275428, 109.602, 109.38, 108.737, 47, 19, 62
1461275429, 109.587, 109.369, 108.729, 1, 31, 27
1461275430, 109.607, 109.36, 108.724, 1, 17, 35
1461275431, 109.594, 109.358, 108.727, 36, 29, 43
1461275432, 109.585, 109.356, 108.7, 74, 48, 55
1461275433, 109.536, 109.344, 108.71, 17, 33, 16
1461275434, 109.524, 109.338, 108.738, 33, 36, 41
1461275435, 109.529, 109.373, 108.722, 63, 64, 33
1461275436, 109.519, 109.364, 108.69, 12, 48, 18
1461275437, 109.498, 109.36, 108.64, 42, 34, 7
1461275438, 109.498, 109.368, 108.643, 48, 25, 15
1461275439, 109.504, 109.37, 108.666, 66, 46, 19
1461275440, 109.469, 109.379, 108.663, 36, 68, 13
1461275441, 109.427, 109.382, 108.682, 2, 65, 69
1461275442, 109.416, 109.385, 108.664, 65, 45, 65
1461275443, 109.418, 109.412, 108.655, 47, 42, 76
1461275444, 109.414, 109.398, 108.649, 39, 28, 15
1461275445, 109.401, 109.383, 108.654, 67, 13, 29
1461275446, 109.392, 109.399, 108.662, 49, 50, 32
1461275447, 109.377, 109.44, 108.686, 40, 36, 9
1461275448, 109.377, 109.444, 108.693, 63, 53, 20
1461275449, 109.405, 109.43, 108.669, 20, 56, 35
1461275450, 109.4, 109.434, 108.664, 38, 35, 46
1461275451, 109.44, 109.46, 108.662, 63, 19, 43
1461275452, 109.451, 109.451, 108.673, 19, 20, 4
1461275453, 109.461, 109.427, 108.638, 27, 46, 1
1461275454, 109.445, 109.403, 108.64, 1, 23, 31
1461275455, 109.445, 109.426, 108.643, 28, 41, 64
1461275456, 109.471, 109.447, 108.637, 51, 38, 22
1461275457, 109.426, 109.461, 108.645, 70, 70, 31
1461275458, 109.436, 109.481, 108.662, 43, 53, 48
1461275459, 109.433, 109.482, 108.644, 41, 12, 48
1461275460, 109.422, 109.472, 108.645, 3, 17, 47
1461275461, 109.39, 109.447, 108.64, 58, 23, 66
1461275462, 109.416, 109.455, 108.644, 39, 27, 32
1461275463, 109.401, 109.441, 108.653, 7, 19, 54
1461275464, 109.435, 109.446, 108.654, 37, 37, 8
1461275465, 109.421, 109.417, 108.677, 16, 33, 13
1461275466, 109.438, 109.459, 108.67, 14, 18, 46
1461275467, 109.441, 109.443, 108.668, 62, 21, 48
1461275468, 109.451, 109.439, 108.677, 33, 64, 1
1461275469, 109.443, 109.475, 108.66, 72, 11, 74
1461275470, 109.436, 109.466, 108.626, 48, 34, 87
1461275471, 109.414, 109.461, 108.637, 1, 17, 23
1461275472, 109.424, 109.44, 108.655, 30, 1, 23
1461275473, 109.422, 109.453, 108.638, 30, 44, 60
1461275474, 109.415, 109.443, 108.615, 1, 1, 53
1461275475, 109.374, 109.449, 108.656, 42, 46, 50
1461275476, 109.356, 109.442, 108.66, 50, 45, 14
1461275477, 109.352, 109.454, 108.674, 7, 41, 20
1461275478, 109.332, 109.474, 108.663, 28, 19, 42
1461275479, 109.32, 109.477, 108.688, 11, 34, 33
1461275480, 109.308, 109.482, 108.673, 28, 18, 29
1461275481, 109.327, 109.478, 108.654, 54, 41, 5
1461275482, 109.287, 109.505, 108.663, 50, 17, 16
1461275483, 109.288, 109.523, 108.674, 50, 24, 35
1461275484, 109.272, 109.509, 108.68, 1, 46, 30
1461275485, 109.293, 109.52, 108.69, 1, 20, 21
1461275486, 109.312, 109.547, 108.69, 44, 13, 38
1461275487, 109.313, 109.552, 108.676, 23, 38, 1
1461275488, 109.299, 109.545, 108.674, 67, 35, 2
1461275489, 109.289, 109.554, 108.666, 16, 48, 69
1461275490, 109.312, 109.535, 108.64, 28, 66, 48
1461275491, 109.294, 109.525, 108.629, 40, 44, 69
1461275492, 109.299, 109.514, 108.626, 39, 18, 46
1461275493, 109.316, 109.505, 108.643, 17, 74, 16
1461275494, 109.325, 109.495, 108.604, 20, 40, 3
1461275495, 109.323, 109.481, 108.593, 32, 27, 61
1461275496, 109.303, 109.498, 108.6, 62, 23, 30
1461275497, 109.293, 109.467, 108.593, 42, 27, 66
1461275498, 109.304, 109.479, 108.6, 23, 54, 28
1461275499, 109.264, 109.501, 108.601, 45, 6, 21
1461275500, 109.274, 109.484, 108.58, 31, 1, 70
1461275501, 109.283, 109.5, 108.575, 31, 31, 25
1461275502, 109.302, 109.49, 108.585, 39, 44, 32
1461275503, 109.297, 109.505, 108.557, 56, 35, 63
1461275504, 109.274, 109.515, 108.534, 66, 50, 10
1461275505, 109.307, 109.505, 108.548, 49, 35, 49
1461275506, 109.342, 109.502, 108.552, 49, 29, 34
1461275507, 109.38, 109.505, 108.554, 43, 28, 33
